3454 5330
788 623 827 687 ⁷1

192 787 196 794 α
249 819 434 898 congrueret.
459 811 527 877 Hoc
546 813 670 878 fortasse
690 809 805 878 felicior
831 809 904 877 hora
930 835 977 878 me
1009 811 1138 892 docebit,
1163 811 1241 876 illud·
1275 811 1372 892 video,

249 949 302 1014 pro
332 932 424 1011 τηρεῖ
457 949 521 992 esse
550 927 744 992 scribendum
779 932 877 1012 τήρει,
908 949 978 992 nam
1012 927 1225 1015 imperativum
1259 927 1372 1014 requiri

250 1048 364 1107 certum
387 1048 441 1108 est.
476 1043 652 1127 Sequuntur
675 1048 861 1126 argumenta,
885 1041 995 1128 quibus
1025 1041 1262 1107 observationem
1287 1057 1372 1107 suam

249 1155 382 1221 stabiliat
411 1156 578 1222 scholiasta.
611 1156 666 1219 καί
691 1158 752 1239 γὰρ
778 1154 963 1238 ἔμπροσθευ
987 1154 1051 1217 dno
1084 1153 1266 1239 Καλυψοῦς
1290 1155 1371 1220 πλέ-

249 1295 320 1335 ουτι
345 1276 401 1351 τῆς
425 1271 538 1352 γῆςτὸ
570 1275 731 1348 υαυάγιου
753 1267 938 1348 {stylorum
971 1274 1038 1334 κτὲ.
1071 1269 1189 1336 Haereo
1211 1269 1244 1336 in
1274 1270 1373 1338 verbis

250 1391 305 1466 τῆς
336 1391 402 1466 γῆς.
435 1383 525 1450 Unde
554 1384 635 1451 enim
666 1384 816 1471 pendeant
837 1407 899 1449 non
921 1385 1026 1471 liquet.
1050 1387 1132 1452 Nam
1156 1387 1289 1474 profecto
1312 1386 1372 1450 nisi

250 1500 359 1566 violata
380 1500 575 1586 grammatica
597 1499 741 1585 coniungi
763 1522 825 1564 non
848 1505 976 1587 possunt
998 1522 1067 1565 cum
1090 1501 1155 1565 a'rrd
1175 1500 1370 1585 Καλυψοῦς,

250 1625 285 1682 ut
314 1616 370 1682 sit:
403 1613 539 1680 πλίουτι
569 1615 634 1682 dut
658 1622 714 1698 τῆς
737 1613 920 1700 Καλυψοῦς
944 1622 1013 1696 γῆς.
1040 1617 1101 1683 Sed
1124 1619 1150 1683 si
1173 1618 1222 1683 vel
1244 1619 1372 1684 maxime

249 1757 283 1799 ea
305 1735 348 1800 ita
370 1732 515 1820 coniungi
538 1733 650 1813 liceret,
674 1772 718 1782 —
743 1734 824 1818 quod
847 1733 933 1798 nuHo
955 1733 1045 1798 modo
1066 1734 1148 1814 licet,
1169 1759 1207 1801 ne
1226 1736 1372 1803 inrecen-

248 1849 373 1915 tissimis
396 1847 518 1935 quidem
541 1856 572 1914 et
594 1849 732 1936 pessimis
756 1847 961 1935 scriptoribus,
985 1886 1030 1897 -
1052 1850 1127 1936 quid
1149 1850 1221 1917 inde
1244 1852 1283 1917 ad
1305 1875 1372 1918 sen-

248 1963 375 2030 tentiam
397 1965 572 2030 lucramur?
595 1965 681 2044 Esto,
706 1965 894 2049 significent:
921 1972 973 2049 „et
995 1964 1056 2032 iam
1079 1968 1213 2046 antehac,
1239 1991 1333 2055 quum
1356 1993 1374 2033 a

248 2079 395 2165 Calypsus
418 2085 497 2144 terra
518 2080 683 2165 navigaret,
707 2116 753 2127 —
775 2079 836 2145 fuit
858 2087 959 2147 autem
982 2079 1090 2160 insuta,
1115 2121 1159 2130 —
1181 2083 1373 2168 naufragium

248 2215 353 2281 passus
387 2193 465 2258 est.''
500 2193 586 2258 Num
620 2193 692 2259 inde
722 2195 876 2281 probatur,
911 2195 1052 2281 Ulyssem
1084 2221 1101 2261 a
1132 2197 1227 2262 salute
1258 2219 1373 2284 semper

248 2309 383 2396 proxime
406 2307 547 2386 abfuisse,
570 2308 653 2395 quod
674 2309 864 2395 probandum
895 2311 981 2376 erat?
1014 2311 1155 2382 Quodsi
1178 2335 1241 2377 non
1263 2319 1371 2400 potest,

248 2447 322 2488 num
353 2423 598 2510 coniungendum
629 2429 685 2506 τῆς
709 2432 767 2507 γῆς
791 2449 860 2491 cum
883 2450 962 2513 seqq.
987 2432 1043 2508 τῆς
1068 2433 1125 2507 γῆς
1150 2428 1185 2490 τὸ
1210 2432 1371 2505 υαυάγιου

250 2538 458 2616 curytes-ai?
482 2539 634 2626 Equidem
656 2539 705 2606 his
727 2540 932 2626 intelligendis
955 2547 986 2606 et
1008 2541 1160 2608 vertendis
1180 2541 1276 2629 impar
1295 2565 1371 2607 sum.

249 2654 402 2725 Quorsum
432 2655 533 2719 autem
563 2654 659 2720 haec?
690 2655 809 2742 Nempe
839 2664 875 2720 ut
905 2657 1107 2721 demonstrem
1138 2662 1206 2741 post
1235 2653 1371 2722 πλίουτι

248 2767 392 2833 excidisse
416 2767 571 2854 quaedam,
598 2794 615 2834 a
638 2770 749 2855 quibus
772 2775 828 2851 τῆς
853 2775 911 2849 γῆς
934 2773 1065 2855 regatur.
1085 2767 1186 2833 Verba
1206 2767 1373 2854 quaeexoi·

248 2881 366 2960 derunt,
398 2884 486 2947 credo
515 2884 609 2949 fuisse
640 2881 778 2967 πλησίου
811 2887 896 2964 ὄυτι,
926 2907 1001 2970 quae
1024 2884 1068 2948 ita
1090 2883 1201 2968 scripta
1229 2862 1245 2911 λ

1223 2873 1268 2980 πί
1288 2885 1372 2962 drea,

248 3001 316 3080 post
337 2993 473 3060 πλέουτι
498 2997 609 3061 omissa
634 2997 727 3063 fuisse
750 2997 861 3063 mirum
885 3021 947 3064 non
970 3004 1024 3064 est.
1047 2997 1090 3062 Et
1112 2997 1155 3064 sic
1173 2998 1258 3064 locus
1278 2997 1373 3084 signi·

247 3109 324 3186 ficet,
360 3110 441 3194 quod
465 3110 635 3195 significare
659 3110 756 3175 debet.
783 3112 927 3190 Observa,
951 3111 1054 3196 inquit
1076 3111 1258 3190 scholiastes,
1283 3135 1372 3196 qnam

247 3245 352 3309 parum
382 3221 508 3308 Ulysses
538 3246 655 3310 semper
686 3248 702 3288 a
731 3225 826 3288 salute
850 3225 995 3289 abfuerit:
1021 3227 1076 3290 καί
1100 3227 1161 3309 γὰρ
1186 3225 1370 3313 ἕμπροσθευ

247 3335 317 3400 dno·
336 3334 518 3420 Καλυψοῦς
543 3334 692 3414 ettam,
720 3335 917 3424 (πλησίου
941 3338 1051 3421 dcet)
1074 3343 1131 3418 τῆς
1154 3341 1268 3420 γῆςτὸ
1292 3365 1373 3405 vav-

245 3455 341 3526 άγιου
361 3449 571 3528 ,ἔπψίυεται,
605 3451 660 3513 καί
694 3447 766 3530 ἑξῆς
797 3448 859 3533 ἤδη
890 3454 951 3531 τὴυ
983 3454 1124 3534 Ἰθάκηυ
1156 3455 1288 3536 όρῶυτι,
1317 3454 1370 3516 ὅτε

246 3568 325 3648 παρ’
360 3561 490 3628 Αίόλου
524 3561 703 3627 πλεῦσαυτι
737 3561 897 3626 {tritecto
926 3564 958 3626 οἱ
987 3565 1122 3646 ἑταῖροι.
1158 3565 1197 3629 Id
1220 3571 1281 3629 est:
1310 3565 1371 3631 iam

246 3676 380 3754 antehac,
424 3699 518 3760 quum
558 3675 720 3762 Calypsum
754 3675 876 3760 navigio
912 3673 1045 3758 reliquit,
1080 3676 1121 3739 in
1155 3682 1372 3763 conspectu

245 3795 341 3853 terrae
362 3789 554 3874 naufragium
577 3811 680 3874 passus
705 3792 759 3865 est,
784 3793 815 3851 et
834 3808 905 3850 mcx
925 3786 1044 3864 iterum,
1059 3808 1153 3869 quum
1164 3788 1300 3853 Ithacam
1311 3789 1372 3855 iam

245 3899 340 3964 oculis
352 3901 477 3978 videret,
498 3924 592 3985 quum
612 3901 741 3967 Aeolum
761 3898 932 3984 relinquens
944 3897 1018 3962 socii
1030 3899 1057 3962 ei
1068 3899 1205 3964 insidiati
1217 3908 1297 3966 sunt.
1312 3902 1370 3967 His

244 4013 341 4096 igitur
371 4012 524 4098 probatur,
558 4015 639 4098 quod
671 4013 796 4100 probare
825 4012 960 4078 voluerat
990 4011 1157 4087 scholiasta,
1185 4011 1289 4096 Ulyssi
1311 4015 1370 4079 fre-

247 4133 375 4209 quenter
397 4127 550 4205 accidisse,
573 4128 655 4213 quod
677 4134 765 4193 vetus
783 4126 940 4214 ,oraculum
964 4123 1089 4190 cecinit:

357 4236 464 4302 πολλὰ
487 4239 608 4320 μεταξύ
633 4237 724 4303 πίλει
746 4238 878 4313 κύλικος
902 4240 957 4301 καί
985 4234 1106 4322 χείλεος
1129 4238 1244 4320 ἄκρου.

289 4349 385 4414 Paulo
416 4357 494 4436 post,
525 4351 559 4415 in
590 4352 695 4416 eodem
727 4353 806 4418 libro
837 4376 880 4418 vs.
914 4354 988 4429 213,
1020 4350 1131 4414 iterum
1153 4349 1266 4435 legitur
1287 4349 1371 4415 locus

247 4461 405 4546 permultis
437 4462 553 4527 lacunis
585 4464 767 4530 deformatus
798 4489 835 4530 ex
866 4464 930 4528 cod.
955 4462 992 4541 Τ,
1016 4463 1069 4549 qui
1091 4463 1124 4527 in
1146 4461 1194 4528 his
1215 4461 1312 4540 libris,
1336 4470 1373 4527 ut

245 4572 306 4638 iam
337 4567 527 4660 observatum
557 4583 612 4658 est,
637 4577 744 4642 ceteris
767 4577 888 4644 uberior
911 4575 1033 4662 quidem
1056 4583 1111 4656 est,
1135 4577 1187 4642 sed
1210 4576 1372 4646 admodum
