3442 5330
844 660 886 723 14

301 847 338 912 de
369 845 588 930 significatione
619 845 783 911 Homerico
810 867 875 913 voc.
906 843 1055 928 ἄγαλμα,
1089 848 1171 931 quod
1196 848 1304 913 iisdem
1326 848 1426 914 verbis

300 957 413 1044 legitur
441 960 520 1046 apud
550 959 746 1045 Apollonium
775 960 948 1046 Sophistam
980 961 1013 1024 in
1044 957 1129 1038 voc,⁴
1146 959 1237 1048 prope
1259 961 1366 1027 iisdem
1390 961 1428 1026 ad

300 1071 393 1160 Hiad.
415 1075 456 1151 Δ,
486 1076 560 1136 111.
584 1074 702 1137 —Ad
724 1097 756 1150 y.
784 1077 857 1137 109.
883 1071 1046 1157 πρόδηλον
1073 1075 1241 1154 ἐντεῦθεν,
1268 1081 1318 1143 ότι
1343 1076 1427 1138 ὃπον

301 1183 526 1268 ἐτελεύτησαν,
561 1187 629 1249 ἐκεῖ
660 1187 847 1252 ε’θόιιιτοντο
872 1183 928 1251 etc.
954 1183 1030 1270 qnae
1053 1187 1197 1252 Lehrsius
1221 1189 1286 1274 ipse
1308 1187 1428 1252 Aristo-

300 1297 369 1361 nico
391 1298 567 1377 vindicavit,
594 1322 623 1385 p.
651 1301 724 1377 197,
749 1337 793 1348 -
816 1300 854 1365 ad
877 1325 908 1376 y.
936 1303 1010 1365 167.
1036 1303 1245 1384 σημειοῦνταί
1267 1327 1356 1376 τινες
1375 1307 1425 1369 ότι

301 1411 335 1475 ἐν
360 1410 470 1493 πυέλῳ
502 1414 594 1486 ὄντες
619 1411 873 1497 περιεβάλλοντο
900 1412 955 1477 διὰ
980 1419 1016 1478 τό
1044 1413 1224 1478 αἰδεῖσθαι.
1250 1452 1295 1462 -
1318 1415 1368 1478 Ad
1394 1412 1425 1477 d.

302 1526 375 1587 118.
401 1525 438 1588 de
459 1527 516 1606 μίν
541 1532 572 1589 et
596 1523 697 1590 αὐτόν
722 1525 936 1610 παρόλληλως
960 1529 1077 1615 positis.
1100 1566 1145 1576 -
1168 1528 1218 1591 Ad
1241 1527 1270 1590 δ.
1294 1531 1368 1592 131.
1391 1528 1428 1591 de

299 1637 521 1722 significatione
543 1662 608 1704 voc.
636 1646 732 1722 νῆμα.
758 1679 802 1689 -—
825 1641 875 1705 Ad
895 1639 925 1705 δ.
940 1646 1015 1706 129.
1039 1646 1110 1705 τοῦ
1132 1641 1428 1726 Ἀριστάρχου

300 1729 585 1832 σημειοῦνταί
618 1778 735 1826 τινες
759 1755 809 1818 ὅτι
835 1752 957 1836 δόρπον
983 1756 1017 1817 τό
1042 1753 1191 1834 δεῖπνον,
1218 1778 1277 1839 quo
1300 1755 1366 1819 loco
1390 1755 1427 1818 de

298 1864 397 1928 verbis
418 1845 439 1926 τ’
445 1869 487 1928 οῦ
509 1867 800 1950 Ἀριστάρχου
821 1865 901 1932 recte
920 1867 1058 1933 observat
1077 1868 1264 1946 Dindorfins,
1286 1891 1320 1932 ea
1342 1867 1429 1949 „loco

300 1976 396 2041 alieno
425 1977 510 2042 illata
541 1978 624 2044 esse'’
659 1981 751 2065 (App.
778 2002 808 2065 p.
835 1979 912 2067 758)
937 1987 1100 2064 monetque
1124 1981 1157 2045 in
1180 1981 1245 2045 cod.
1273 1979 1335 2069 (H)
1360 1985 1430 2067 post

299 2089 328 2152 id
360 2089 540 2153 vccabulum
570 2091 631 2154 dno
661 2097 772 2177 puncta
795 2113 858 2155 esse
880 2090 947 2180 (:).
978 2092 1090 2180 (Praef.
1117 2116 1146 2179 p.
1172 2091 1263 2181 mn).
1294 2092 1336 2156 Et
1359 2095 1429 2156 sane

300 2201 332 2266 in
362 2202 410 2265 his
442 2203 556 2287 aliquid
589 2205 744 2269 turbatum
773 2212 829 2283 ert,
863 2227 1044 2290 quemqnam
1069 2207 1232 2272 demendi
1258 2206 1375 2290 origine
1398 2211 1429 2269 et

300 2315 337 2379 de
364 2317 497 2382 remedio
529 2317 607 2382 nihil
626 2318 713 2382 ⁴certi
746 2324 877 2382 statuere
909 2342 1040 2405 possum.
1072 2320 1184 2384 Fusius
1215 2321 1253 2384 de
1276 2318 1426 2396 δεῖπνον,

299 2427 420 2514 δόρπον
455 2436 511 2495 etc.
547 2432 648 2516 agitur
672 2432 710 2496 ad
733 2434 766 2517 β.
790 2436 842 2511 26,
867 2440 897 2498 et
919 2434 1006 2520 plane
1031 2434 1069 2498 ad
1093 2441 1224 2498 mentem
1247 2428 1427 2509 Aristarchi,

301 2544 368 2626 (cfr.
401 2545 507 2609 Lehrs.
532 2545 628 2610 Arist.
654 2568 683 2632 p.
710 2549 784 2624 127,
816 2548 870 2631 qai
900 2546 1014 2612 scholia
1044 2548 1082 2612 ad
1105 2547 1233 2612 Eisdem
1255 2547 1312 2612 hac
1336 2546 1373 2610 de
1395 2567 1427 2609 re

302 2659 407 2724 ordine
438 2660 590 2746 apposnit)
614 2660 658 2724 ita
680 2667 800 2726 utnon
824 2661 970 2739 dubitem,
996 2661 1070 2745 quin
1093 2668 1125 2725 et
1147 2661 1205 2725 hoc
1229 2659 1365 2724 scholion
1389 2659 1426 2722 ab

300 2775 474 2840 Aristonico
505 2776 653 2860 originem
684 2776 814 2841 duxerit.
846 2776 992 2840 Eiusdem
1023 2798 1087 2840 esse
1120 2773 1360 2840 observationem
1389 2772 1427 2836 ad

300 2913 338 2964 π,
365 2894 394 2966 2,
418 2889 540 2954 ductam
561 2911 598 2954 ex
621 2889 671 2953 H':
695 2889 785 2963 ἅπαξ
810 2887 932 2954 ἐνθάδε
958 2892 1149 2972 sectatores
1174 2890 1228 2950 καὶ
1248 2888 1282 2950 ἐν
1300 2883 1425 2948 Ἰλιόιδι

302 2998 346 3086 (ρ.
371 3005 445 3064 621.
472 3004 528 3087 21)
560 3008 681 3087 apparet
712 3024 749 3066 ex
777 3002 891 3066 scholio
923 3002 960 3065 ad
991 3003 1033 3078 Ω,
1061 3004 1134 3064 121.
1160 3005 1181 3080 ἡ
1204 2997 1335 3078 διπλῆ
1359 2999 1426 3061 ὃτι
1550 3015 1554 3024 ’

301 3113 391 3187 ἅπαξ
415 3119 474 3179 νῦν
496 3117 529 3178 ἐν
551 3112 676 3177 Ἰλιάδι
690 3116 745 3177 καί
760 3113 849 3186 ἅπαξ
868 3115 902 3177 ἐν
927 3112 1101 3192 Ὀδυσσείᾳ
1115 3113 1150 3174 τὸ
1162 3115 1299 3204 ἄριστον
1313 3119 1369 3177 eto.
1384 3145 1428 3160 -

300 3228 350 3291 Ad
374 3224 404 3290 δ.
432 3231 505 3291 644.
531 3228 568 3292 de
592 3227 766 3292 discrimine
786 3227 867 3291 inter
886 3232 985 3308 θῆτες
1004 3234 1036 3290 et
1054 3225 1169 3308 δμῶες.
1184 3227 1289 3290 —Ad
1302 3224 1332 3289 δ.
1351 3227 1425 3290 678.

302 3342 510 3422 σημειοῦνταί
535 3365 624 3414 τινες
648 3342 726 3424 πρὸς
747 3343 786 3403 ,τό
811 3342 883 3424 περί
908 3346 964 3422 τῆς
987 3339 1168 3415 Ὀδυσσέως
1193 3343 1357 3420 οἰκήσεως.
1382 3378 1427 3388 -

301 3454 440 3520 Fortasse
469 3454 561 3520 etiam
584 3454 753 3519 Aristonici
776 3461 822 3518 est
845 3455 1012 3521 observatio
1033 3456 1071 3520 ad
1095 3481 1120 3519 ε.
1148 3457 1221 3518 272.
1247 3454 1284 3520 de
1306 3454 1425 3519 Bodte:

302 3570 511 3651 σημειοῦνταί
543 3593 629 3640 τινες
660 3569 710 3631 ὅτι
742 3571 760 3630 ό
791 3567 887 3642 αὐτὸς
921 3571 974 3631 καί
1007 3569 1183 3654 α’ρκτοῦρος
1208 3567 1352 3645 λέγεται.
1381 3566 1425 3654 (p.

304 3686 377 3760 276,
403 3683 449 3771 6).
473 3719 518 3730 -
547 3683 598 3746 Ad
622 3681 652 3760 ζ,
679 3686 720 3745 86
744 3706 781 3747 ex
805 3682 843 3753 Q.
869 3681 1130 3765 σημειωτέον
1156 3683 1191 3743 τό
1217 3681 1425 3747 ἀσύντακτον

302 3801 368 3860 τῶν
402 3801 524 3880 χρόνων
558 3803 589 3861 et
611 3796 714 3861 statim
738 3797 878 3884 deinceps
901 3819 939 3861 ex
961 3796 996 3860 P.
1022 3794 1215 3878 σημειωτέον
1240 3799 1299 3872 τὴν
1327 3793 1426 3858 ἐναλ-

303 3910 408 3991 λαγὴν
433 3917 498 3975 τῶν
525 3917 662 3996 χρόνων,
688 3896 726 3974 οὗ
748 3914 807 3993 μὲν
832 3906 928 3991 ἦσαν,
951 3893 990 3974 od
1010 3908 1044 3971 δι’
1067 3907 1143 3991 ῥέει.
1166 3909 1267 3990 πρὸς
1287 3909 1304 3970 ὃ
1325 3915 1346 3990 η
1366 3906 1426 3971 δι-

303 4024 396 4108 πλη.
428 4062 473 4106 .··
502 4026 553 4090 Ad
586 4025 614 4101 ζ.
649 4027 723 4090 167.
756 4026 929 4108 σημείωσαι
961 4029 1017 4088 ότιΙ
1041 4025 1095 4085 καὶ
1121 4026 1155 4086 τό
1181 4021 1318 4107 δένδρον
1345 4021 1425 4105 δόρει

304 4138 409 4218 ιιαλεῒ,
436 4142 539 4225 (quem
561 4147 662 4204 tamen
684 4139 784 4205 locum
807 4140 982 4204 dubitanter
1005 4141 1124 4202 tantum
1143 4136 1427 4202 interAristcnicea

302 4253 407 4343 pono).
439 4292 484 4303 -—
514 4253 650 4320 Certiora
680 4261 752 4318 sunt
775 4275 850 4337 quae
872 4253 910 4316 ad
933 4259 969 4314 θ.
997 4255 1061 4316 163
1086 4251 1123 4315 de
1147 4255 1269 4334 φόρτον
1289 4256 1423 4332 μνήμων

301 4368 459 4453 leguntur:
485 4371 580 4432 τοῦτο
606 4366 639 4430 δὲ
667 4370 754 4440 τινὲς
778 4367 987 4449 σημειοῦνται
1012 4367 1091 4449 πρός
1115 4365 1150 4428 τὸ
1171 4363 1304 4440 οἰγνοεῒν
1318 4369 1424 4445 γράμ-

301 4506 391 4566 ματα
422 4485 496 4559 τοός
527 4487 644 4565 ἥρωας,
678 4505 753 4566 qnae
780 4480 948 4546 Aristarchi
972 4478 1121 4545 sententie
1143 4479 1212 4557 fuit,
1238 4478 1290 4541 cfr.
1315 4477 1421 4542 Lehrs.

303 4598 356 4664 Ar.
381 4620 409 4686 p.
435 4602 486 4663 95.
507 4635 552 4647 -
570 4598 620 4663 Ad
643 4624 674 4682 η.
701 4602 774 4663 126.
800 4597 916 4684 πρόςτό
935 4593 1059 4681 ἕτερον,
1080 4595 1129 4659 ὅτι
1152 4593 1204 4655 ἐπί
1227 4589 1284 4656 διίο
1306 4595 1419 4656 ete.-
