3454 5330
870 661 911 726 96

331 850 472 934 νεωρίων
498 853 799 930 κατεστήσατο.
825 848 917 914 Unde
940 850 1125 915 accusativus
1147 850 1384 926 ε’σκουδακότας
1404 874 1457 916 re-

330 963 419 1042 nerit,
431 985 519 1028 nemo
530 963 700 1048 excogitare
711 968 819 1049 potest,
832 962 1024 1048 quamobrem
1035 963 1226 1028 Dindorfius:
1241 967 1331 1046 „fort
1342 967 1455 1029 ἐσπου-

331 1076 514 1142 δακότων.”
553 1077 613 1142 Sed
647 1077 714 1162 quie
748 1083 802 1160 est,
838 1077 890 1163 qui
922 1082 1140 1156 κατεστήσατο
1174 1079 1230 1142 τόν
1261 1085 1318 1159 τῆς
1343 1077 1456 1160 ἐκκλη-

330 1214 402 1266 σιας
434 1195 535 1255 τόπον
568 1188 707 1273 πλησίον
740 1192 806 1254 τῶν
841 1190 1005 1274 νεωρίωνί
1037 1191 1123 1256 Num
1146 1191 1314 1257 Alcinous?
1343 1193 1404 1256 Sed
1425 1200 1458 1256 et

330 1307 479 1371 adiectum
501 1328 611 1370 nomeu
635 1311 786 1391 oporteret
808 1311 839 1369 et
864 1328 979 1393 semper
1001 1305 1062 1371 fuit
1084 1306 1130 1370 ibi
1152 1305 1321 1370 Phaeacum
1346 1307 1454 1370 forum.

329 1418 460 1504 Utrique
490 1419 568 1483 malo
598 1418 794 1496 medebimur,
827 1419 862 1497 si,
895 1420 971 1484 duce
1002 1420 1068 1506 ipso
1102 1419 1246 1497 Homero,
1278 1420 1456 1498 dicente2h

332 1530 386 1620 (sc.
411 1530 531 1621 a‘yapd)
557 1555 634 1614 σφιν
655 1535 744 1615 παρὰ
769 1533 864 1616 νηυσί
890 1530 1039 1610 τέτυκτο,
1073 1531 1223 1617 legamus:
1249 1534 1292 1605 ώς
1315 1535 1358 1596 ἂν
1382 1534 1455 1614 περί

330 1649 370 1708 τὰ
402 1648 543 1710 ναυτικοί
575 1644 912 1724 ἐσπουδακότες,
947 1647 1076 1718 εἰκότως
1107 1648 1161 1708 καί
1191 1648 1248 1708 τόν
1274 1647 1374 1708 τόπον
1399 1650 1456 1724 τῆς

330 1758 502 1842 ἐκκλησίας
534 1758 673 1843 πλησίον
707 1764 773 1826 τῶν
806 1761 947 1843 νεωρίων
981 1765 1317 1839 κατεστήσαντο,
1348 1780 1457 1844 nempe

329 1872 488 1939 Phaeaces.

374 1986 479 2056 Quum
497 1986 643 2050 Alcinous
664 1987 821 2072 populares
841 2009 910 2051 suos
927 1986 1070 2051 saltantes
1081 1984 1184 2070 Ulyssi
1196 1983 1336 2050 exhibere
1347 1983 1456 2049 vellet:

420 2102 616 2180 αἰσυμνῆται
642 2097 676 2161 dd
702 2101 810 2182 κριταί
836 2098 934 2162 ἐννέα
958 2102 1080 2173 πάντες
1104 2097 1248 2163 οίνέσταν
1268 2136 1368 2148 —-

419 2210 554 2295 λείηναν
579 2211 614 2276 δὲ
640 2213 749 2298 χορόν,
775 2210 877 2278 καλὸν
902 2211 931 2276 δ’
958 2213 1099 2297 εὔρυναν
1124 2211 1251 2290 α’γόννα,
1278 2215 1328 2298 (θ.
1344 2211 1432 2296 260.)

331 2325 407 2389 Sed:
434 2324 471 2388 od
496 2333 569 2400 ταῖς
594 2329 722 2391 ἑαυτῶν
756 2329 875 2412 χερσίν,
900 2324 986 2390 οίλλα
1010 2325 1280 2410 προίτεοξαν
1305 2331 1373 2398 τοῖς
1396 2321 1458 2386 ἄλ-

331 2437 411 2514 λοις.
439 2438 591 2510 Quoniam
611 2447 712 2506 autem
735 2441 860 2506 verbum
879 2446 1120 2525 προτογχόνειν
1141 2462 1203 2505 non
1222 2438 1313 2505 habet
1331 2437 1458 2503 iubendi

332 2553 590 2639 significationem,
620 2575 702 2640 quae
727 2555 778 2620 hie
809 2556 898 2622 unice
919 2555 1094 2641 requiritur,
1118 2576 1182 2632 nec,
1208 2554 1234 2618 si
1258 2553 1306 2619 vel
1327 2551 1457 2616 maxime

331 2665 409 2732 hane
438 2667 571 2748 haberet,
603 2691 640 2734 ex
662 2692 697 2734 eo
729 2670 853 2757 procudi
884 2676 983 2756 potest
1013 2691 1073 2734 sor.
1105 2665 1295 2751 προέτεοξα,
1319 2702 1364 2712 ·—
1385 2687 1457 2729 nam

331 2781 454 2845 omnino
478 2783 663 2868 προῦτνχον
688 2784 831 2870 oportuit,
853 2790 947 2848 —et
970 2782 1112 2867 quoniam
1135 2781 1215 2846 inter
1237 2805 1272 2842 εο
1295 2785 1327 2842 et
1348 2802 1370 2840 α
1389 2799 1458 2863 per-

331 2901 422 2978 petua
444 2895 580 2961 confinio
601 2903 657 2974 est,
680 2897 745 2981 (cfr.
766 2899 803 2962 ad
816 2923 849 2960 α.
867 2900 940 2975 389,
963 2896 1018 2962 uhi
1039 2915 1092 2982 pro
1112 2917 1199 2960 versu
1217 2892 1380 2958 Homerico
1400 2890 1456 2952 καί

331 3007 417 3070 τοῦτ’
443 3006 590 3089 ἐθέλοιμι
617 3011 694 3082 Διός
719 3033 753 3086 γε
781 3007 931 3084 διδόντος
954 3008 1139 3092 οίρίσθαι
1168 3008 1201 3071 in
1230 3006 1271 3069 Η.
1298 3012 1344 3071 est
1369 3001 1457 3087 εὑρί-

331 3118 442 3209 σθαι,)
467 3120 539 3185 haec
558 3121 655 3206 igitur
677 3144 771 3206 quum
794 3124 838 3188 ita
858 3123 929 3199 sint,
954 3144 1008 3206 pro
1021 3119 1221 3205 προίτεοξαν
1234 3117 1455 3185 rescribendum

330 3239 385 3310 est,
406 3234 487 3318 quod
510 3233 720 3318 unusquisque
743 3234 885 3300 dixisset:
911 3234 947 3297 οὐ
972 3240 1045 3308 ταῖς
1069 3237 1197 3299 ἑαυτῶν
1224 3233 1344 3318 χερσίν,
1367 3227 1452 3292 αλλὰ

330 3344 603 3430 προσέταξαν
628 3354 697 3422 τοῖς
720 3345 846 3422 ἄλλοις.

375 3458 437 3526 Cur
457 3461 579 3527 tandem
602 3461 750 3527 Phaeaces
774 3462 913 3548 Ulyssem
940 3462 1138 3528 dormientem
1160 3462 1194 3526 in
1218 3461 1344 3548 patriam
1367 3459 1455 3523 redu-

330 3574 439 3653 xerint,
464 3598 549 3663 saepe
572 3575 605 3640 in
628 3576 749 3641 scholiis
773 3577 942 3661 quaesitum
965 3583 1018 3643 est.
1043 3577 1085 3640 nt
1116 3575 1265 3662 plerisque
1288 3573 1457 3638 scholiastis

331 3712 419 3754 eausa
440 3690 513 3756 haec
536 3713 600 3756 esse
621 3690 752 3771 ridetur,
777 3715 866 3778 quam
890 3693 928 3756 ad
951 3717 980 3756 ν.
1005 3695 1069 3756 119
1089 3713 1128 3755 ex
1147 3688 1307 3754 Heraclide
1330 3686 1457 3751 Pontico

330 3803 514 3888 Porphyrius
545 3806 611 3870 sine
642 3805 736 3870 dubio
767 3809 860 3871 affert.
898 3803 1088 3878 συνειδότας
1119 3806 1179 3887 γὰρ
1205 3806 1334 3874 ἑαυτοῖς
1358 3798 1456 3882 φιλη·

333 3915 449 3981 δονίαν
476 3919 530 3980 καί
555 3918 801 3984 α’πολαυστικόν
826 3924 960 4004 τρόπον,
985 3920 1039 3980 καί
1062 3916 1210 3991 δεδιότας
1230 3922 1323 3998 μήτις
1338 3914 1456 3988 αότοείς

332 4028 432 4104 ἄλλος
456 4030 607 4097 ἐπελθὼν
634 4032 754 4119 ἐκβάλῃ
776 4033 840 4096 οίπό
861 4039 916 4113 τῆς
938 4035 1056 4117 χώρας,
1081 4030 1137 4096 δείο
1159 4029 1457 4109 ναόταόποκρίνα-

334 4153 427 4224 σθαι,
460 4144 650 4229 φιλοξενίαν
684 4173 718 4211 τε
743 4151 822 4231 πρός
851 4148 925 4219 νοός
949 4151 1129 4231 παρόντας,
1156 4150 1290 4229 ταχεῖάν
1316 4167 1348 4206 τε
1373 4142 1457 4205 ‹teo-

333 4278 460 4343 πεμψεν
500 4262 577 4345 πρός
620 4262 694 4335 τοός
727 4259 900 4339 ἐλθόντας,
926 4266 1036 4326 πάντα
1069 4259 1102 4323 δὲ
1138 4258 1346 4344 ἐργάζεσθαι,
1371 4257 1457 4328 ὅπως

333 4371 442 4437 αὐτῶν
467 4379 488 4454 ἡ
513 4374 637 4458 οίκησις
663 4373 829 4461 λανθάνῃ,
853 4377 907 4438 καί
930 4373 1090 4458 διάστημα
1108 4374 1184 4436 ὅσον
1206 4373 1271 4434 ε’στί
1292 4376 1333 4454 μὴ
1355 4373 1457 4447 γινώ-

334 4507 462 4568 σκηται.
488 4488 602 4554 Eadem
626 4490 688 4553 fere
711 4493 875 4556 aflenmtur
898 4491 934 4555 ad
948 4493 1057 4574 η.318.
1082 4489 1170 4562 τίνος
1191 4484 1301 4550 ίνεκεν
1323 4486 1456 4548 ὑπνώτ-

335 4623 435 4664 τοντα
468 4600 624 4666 Ὀδυσσέα
653 4606 769 4681 ἄγουσι
805 4605 963 4682 Φαίακας
997 4605 1102 4688 φαμὲν
1128 4592 1184 4667 οὖν
1209 4602 1250 4674 ιός
1277 4598 1395 4672 είδότες
1420 4600 1456 4660 τὸ
