3442 5330
782 678 824 741 4⁷

248 862 385 947 Διοκλῆς
408 863 500 948 ᾤκει,
525 869 582 945 τής
607 868 804 946 Λακωνικῆς
827 865 900 928 εἰσι·
914 866 1028 929 -τόν
1051 855 1109 929 οὖν
1134 869 1307 947 γενόμενον
1329 867 1365 931 ἐν

247 987 286 1063 τῇ
307 983 487 1060 Λακωνικῇ
510 967 609 1049 αὖθις
632 978 675 1050 ὥς
698 981 740 1058 μή
765 979 941 1058 γενόμενον
963 979 1250 1061 ἐπισημαίνεσθαι,
1272 987 1303 1046 et
1322 981 1366 1044 isa

245 1091 433 1156 manifestius
444 1089 536 1154 etiam
547 1089 591 1167 fit,
604 1111 657 1176 per
667 1093 794 1154 ἄτοπον
810 1090 902 1168 idem,
916 1091 968 1154 ssd
977 1091 1075 1156 multo
1093 1092 1193 1156 minus
1213 1092 1365 1171 distincte,

245 1204 406 1290 significari
426 1225 460 1268 ac
480 1225 533 1289 per
551 1205 640 1286 παρὰ
653 1207 714 1286 τήν
728 1204 885 1288 ἱστορίαν.
898 1204 948 1268 Νσ
959 1205 1027 1289 quis
1045 1209 1146 1270 autem
1157 1206 1294 1272 vocabuli
1306 1199 1364 1271 σόν

245 1325 313 1406 post
334 1315 526 1404 parenthesin
549 1316 687 1381 collocati
719 1317 889 1404 exemplum
920 1323 1053 1400 quaerat,
1078 1318 1245 1384 adscribam
1267 1342 1364 1385 unum

244 1433 352 1510 locum,
375 1452 405 1516 p,
419 1431 472 1507 51,
499 1431 539 1493 30
558 1437 625 1516 sqq,'
637 1429 791 1512 φαίνεται
812 1430 955 1514 Ὅμηρος
975 1429 1141 1497 οίόιίνατον
1164 1433 1293 1514 νομίσαι
1306 1437 1366 1498 ἄν·

246 1543 319 1630 όρα,
344 1543 407 1608 ὖπό
431 1545 566 1619 ννναικλ
590 1541 828 1626 τεθραμμένον,
855 1580 1009 1594 —-·-·-—
1032 1543 1194 1610 κινόείνων
1218 1570 1252 1608 τε
1276 1545 1366 1620 ξενι-

246 1662 311 1723 κῶν
342 1661 383 1739 μή
423 1656 580 1741 εἰληφότα
610 1661 742 1741 πεῖραν,
781 1654 862 1740 μηδὲ
894 1660 1101 1742 μετασχόντα
1143 1656 1273 1740 α’νδρῶν
1309 1661 1383 1736 καί,

245 1771 490 1848 α’γωνιόισαντα·
518 1771 568 1862 (ἐν
591 1772 683 1844 ὅσαις
707 1768 903 1854 α’όημονίαις
926 1767 1042 1848 μέμονε
1063 1769 1366 1856 Τήλόμαχοςπροσ-

246 1883 332 1950 ιε’ναι
362 1884 490 1968 μέλλων
523 1883 670 1967 Νέστορί
694 1909 727 1948 τε
752 1908 808 1947 και
834 1882 996 1970 Μενελάῳ
1022 1909 1077 1948 και
1102 1883 1251 1971 Ἑλένη)
1281 1886 1368 1968 φαί-

245 2024 368 2064 νεται
400 1991 475 2064 οὖν
519 2004 614 2081 μήτοι
647 2001 690 2062 ἂν
723 1997 912 2081 όννηθήναι
947 1998 1078 2080 νομίσαι
1114 1998 1228 2082 οίρετής
1259 1997 1367 2073 ἄλλως

244 2116 312 2186 πῶς
334 2118 520 2198 μετασχεῖν.

289 2253 314 2291 ε.
341 2231 393 2292 81.
417 2227 518 2292 Intrat
541 2225 668 2291 Harmas
699 2224 845 2312 Calypsus
873 2231 1004 2306 antrum,
1030 2225 1101 2290 ουδ’
1123 2225 1178 2310 ἄρ’
1203 2225 1367 2308 Ὀόνσσήα

243 2339 449 2424 μεγαλήτορα
473 2338 570 2404 ἓνόον
596 2339 727 2421 ἔτετμεν
753 2335 773 2428 ΙΙ
796 2337 870 2401 ἀλλ’
894 2339 911 2400 ό
936 2345 968 2417 μ’
992 2340 1043 2403 ἐπ’
1068 2339 1167 2422 οίκτής
1192 2340 1284 2405 κλαῖε
1306 2367 1367 2404 κα-

245 2459 413 2535 θήμενος.Ι
430 2453 480 2517 Ad
511 2453 565 2517 hos
596 2475 699 2519 versus
731 2451 866 2516 scholion
897 2453 1009 2538 legitur
1032 2454 1065 2517 in
1089 2453 1179 2524 ΗΡΘ
1201 2455 1365 2519 eiusmodi:

246 2571 281 2631 τό
304 2571 363 2649 μέν
388 2569 433 2640 είς
465 2567 500 2629 τό
524 2569 720 2652 περιπαθὲς,
747 2558 815 2638 οἷος
838 2564 1015 2641 ’θόνσσεός
1040 2568 1074 2630 ἐν
1100 2574 1140 2650 τῇ
1163 2573 1248 2647 νήσω
1271 2567 1367 2630 οἷπει-

247 2679 407 2763 λημμένος
429 2687 486 2747 καὶ
504 2680 699 2765 διημερεύων
722 2681 774 2743 ἐπὶ
794 2687 835 2764 τῇ
855 2687 949 2761 ακτή.
964 2688 1069 2762 σιωπᾷ
1091 2679 1125 2743 δὲ
1140 2679 1296 2768 (Hermes)
1311 2683 1366 2742 τοῦ

247 2793 424 2878 εὐπρεποῦς
446 2797 554 2880 χάριν·
577 2794 614 2858 οὐ
635 2796 696 2877 γὰρ
714 2791 780 2858 ἔδει
806 2795 895 2878 [περι
916 2795 987 2877 τοῦ]
1004 2795 1166 2876 παρόντος
1179 2795 1234 2856 τοῦ
1248 2790 1367 2876 οἷνόρός

246 2907 516 2994 α’περικαλιίπτως
547 2909 643 2982 θεοός
676 2905 830 2987 ἀλλήλοις
862 2905 1088 2984 διαλέγεσθαι.
1117 2906 1241 2984 Nescio,
1265 2913 1366 2972 utrum

247 3024 317 3106 περὶ
342 3024 399 3087 τοῦ
423 3021 629 3110 dittographia
653 3021 694 3084 sis
724 3020 938 3086 vocabulorum
958 3042 1034 3106 quaa
1064 3019 1166 3086 statim
1190 3028 1365 3107 sequuntur,

246 3143 408 3220 παρόντος
432 3139 500 3214 τοῦ,
525 3158 564 3200 au
583 3142 684 3200 ortum
703 3135 927 3222 exquaestiona
938 3134 1051 3222 inepta,
1063 3134 1194 3220 margini
1205 3133 1365 3222 adscripta,

246 3248 363 3334 qualem
384 3249 529 3315 Lehrsius
552 3249 586 3314 iu
616 3247 729 3313 scholio
760 3248 850 3312 οόΘ
886 3251 949 3312 368
985 3247 1106 3326 delevit,
1136 3248 1245 3330 ,τίνες
1269 3242 1366 3330 ήσανς

247 3383 287 3426 sc.
309 3361 425 3428 laboras
447 3361 621 3428 Herculis.''
647 3363 707 3427 Sed
729 3361 787 3427 hoc
806 3361 878 3440 scio,
898 3361 952 3426 illo
972 3362 1045 3445 περί
1068 3363 1123 3424 τοό
1144 3383 1264 3427 omnem
1284 3382 1366 3446 spem

248 3475 412 3540 sententiae
446 3483 525 3542 recte
557 3475 771 3561 intelligendas
806 3475 923 3540 irritam
959 3475 1033 3539 fieri.
1069 3475 1111 3538 ut
1145 3475 1189 3539 sia
1221 3472 1367 3537 iudicavit

247 3587 337 3651 etiam
358 3588 392 3653 in
414 3589 572 3654 Addendis
595 3589 783 3666 Diudorfius,
808 3610 944 3667 monens,
968 3611 997 3674 p.
1024 3589 1097 3665 761,
1121 3588 1158 3650 ad
1180 3608 1209 3672 p.
1235 3588 1309 3662 250,
1330 3587 1366 3648 ⁷:

247 3704 324 3782 ,τοῦ
356 3708 409 3766 aut
438 3703 609 3780 delendum,
643 3708 695 3766 aut
726 3702 759 3766 in
794 3706 911 3766 τοότοιι
943 3699 1155 3766 mutandum.”
1179 3697 1238 3761 Sed
1261 3719 1299 3760 ne
1323 3697 1368 3760 sic

246 3813 367 3897 quidam
390 3815 538 3900 intelligo,
564 3816 638 3902 quid
662 3816 718 3880 sit:
745 3813 802 3879 οὐκ
827 3813 906 3893 ἔδει,
932 3815 1003 3898 περὶ
1037 3816 1200 3896 παρόντος
1222 3813 1278 3873 τοῦ
1304 3809 1367 3874 οἰν-

248 3923 320 4009 δρός
352 3966 398 3977 -
427 3926 655 4007 διαλέγεσθαι,
689 3928 747 4006 vel,
778 3931 852 4014 περὶ
880 3933 997 3993 τοιίτον
1030 3929 1191 4010 παρόντος
1218 3926 1273 3986 τοῦ
1305 3922 1367 3988 οἰν-

248 4037 320 4124 όρός
352 4077 397 4090 -
431 4040 656 4120 διαλέγὲσθαι.
690 4043 789 4108 Immo
822 4049 953 4131 praestat
989 4046 1150 4125 utrumque
1180 4036 1368 4114 vocabulum,

247 4156 319 4236 περὶ
350 4157 420 4233 τοῦ,
449 4155 548 4220 delere
580 4163 611 4220 ολ
642 4157 686 4220 sic
715 4157 799 4222 locus
829 4179 890 4220 una
920 4156 1012 4220 litura
1035 4159 1156 4219 sanatus
1179 4151 1246 4216 erit.
1271 4147 1370 4212 Simul

246 4267 349 4332 malim
382 4273 545 4353 παρόντος
578 4293 653 4334 τοο
689 4268 818 4354 οἰνόρός,
853 4293 915 4338 non
947 4274 1015 4348 τοῦ,
1049 4286 1178 4352 quorum
1210 4262 1369 4329 verborum

247 4380 387 4467 frequens
410 4383 546 4448 confusio
570 4391 624 4449 est.

292 4494 331 4560 In
354 4496 552 4583 pulcherrima
576 4495 807 4585 comparatione,
834 4503 870 4560 θ.
898 4498 962 4560 523
986 4513 1079 4580 seqq.2

339 4611 382 4686 ὥς
406 4608 440 4672 δὲ
466 4614 548 4690 γονή
574 4609 704 4697 κλαίησι
730 4609 827 4693 φίλον
853 4615 949 4675 πόσιν
973 4609 1198 4694 ἀμφιπεσοῦσα
