3454 5330
758 675 799 734 69

222 859 340 945 μείζων
372 853 413 939 εἷ,
446 849 670 944 ὦΠόσειδσν,
695 863 715 942 η’Ι
739 860 823 923 κατὰ
855 857 891 922 τὸ
915 857 1132 923 ἀπαιτεῖσθαι
1157 861 1236 943 παρ’
1262 859 1349 942 ἐμοῦ.

224 979 266 1052 ὥς
289 975 386 1060 δηλοῖ
408 977 463 1040 ιιαὶ
496 975 532 1038 τὸ
564 973 649 1056 ἑξῆς,
682 978 750 1049 πῶς
773 975 817 1038 διν
843 975 905 1051 ἐγώ
931 997 963 1037 σε
996 971 1101 1056 δέοιμι
1126 975 1180 1038 καὶ
1206 973 1350 1040 ιιαταλά-
1460 1021 1464 1029 -

224 1095 329 1178 βσιμι,·
352 1091 488 1158 Additur
509 1090 542 1156 in
564 1097 653 1156 nola:
679 1093 770 1177 „posi
794 1087 1013 1174 καταλάβοιμι
1039 1088 1125 1154 addit
1146 1089 1188 1154 H.
1208 1087 1268 1163 έως
1288 1092 1349 1174 γὰρ

225 1207 304 1282 Διὸς
341 1206 378 1271 τὸ
421 1205 598 1272 Ποσειδῶν,
621 1205 654 1270 οἱ
695 1231 840 1270 ποι....
873 1205 1042 1271 Cramer.
1074 1205 1148 1271 Non
1180 1205 1350 1292 maffigo.'’

225 1322 269 1413 (p.
304 1323 394 1412 388.)
425 1321 611 1402 Diodorum,
642 1327 745 1410 postea
774 1319 841 1409 ipso
878 1321 980 1388 codice
1008 1321 1154 1408 inspecto,
1185 1327 1287 1387 monet
1319 1321 1351 1388 in

209 1439 320 1514 ,Praei
345 1461 375 1526 p.
409 1459 462 1504 ιιι.
496 1437 585 1503 hacc:
619 1436 736 1521 „literis
768 1435 801 1500 oi
824 1461 882 1500 ποι
906 1436 940 1500 in
962 1427 1156 1503 annotatione
1178 1437 1351 1505 memoratis

224 1555 329 1624 finitur
359 1554 469 1643 pagina
509 1555 543 1619 in
573 1554 615 1618 H.
657 1553 719 1641 (fol.
764 1553 832 1642 48³)
868 1553 965 1619 scriba
1007 1552 1122 1640 reliqua
1160 1554 1350 1623 omittentc.'’

224 1672 325 1759 Igitur
348 1669 458 1738 desunt
487 1671 642 1758 quaedam,
676 1693 751 1758 qnae
774 1693 840 1758 ego,
871 1669 1020 1739 sententia
1050 1673 1126 1737 duce
1148 1671 1192 1738 ita
1214 1675 1351 1762 expleve-

225 1793 298 1857 rim:
323 1791 366 1866 ὥς
388 1787 482 1872 δηλοῖ
502 1789 557 1852 καὶ
579 1787 614 1853 τὸ
636 1785 718 1868 ἑξῆς·
741 1793 810 1864 πῶς
830 1790 874 1855 διν
897 1789 959 1868 ἐγώ
973 1813 1005 1853 σε
1020 1786 1125 1872 δέοιμι
1139 1789 1194 1853 καὶ
1209 1790 1350 1856 καταλά-

225 1911 330 1994 βοιμι,·
355 1909 449 1982 ἑνὸς
476 1902 544 1995 (pro
566 1903 640 1992 ἕως)
665 1906 726 1990 γὰρ
751 1905 829 1980 Διὸς
852 1902 942 1995 τὸ(ν)
966 1903 1194 1996 Ποσειδῶν(α)
1226 1907 1257 1972 οἱ
1280 1933 1351 1973 ποι-

226 2023 338 2112 (ηταὶ
364 2023 570 2108 δεύτερον
593 2021 917 2113 ὑποτίθενται.)
937 2019 1019 2087 Fieri
1041 2015 1103 2088 non
1126 2028 1234 2111 polest,
1254 2022 1355 2112 inquil

224 2135 425 2226 Hephaeslus
448 2144 484 2204 ut
502 2145 533 2204 le
552 2160 725 2225 sponsorem
743 2139 918 2225 preMarle
937 2137 1089 2225 accipiam.
1113 2138 1236 2204 Etenim
1256 2139 1282 2204 si
1301 2140 1351 2206 ille

224 2251 362 2319 debitum
383 2276 444 2318 non
467 2252 567 2332 solvit,
592 2252 742 2338 quomodo
766 2274 822 2338 ego
848 2258 880 2318 te
906 2251 1075 2319 vincirem?
1103 2253 1195 2333 Nam,
1223 2255 1352 2343 explicat

225 2368 392 2446 scholiasta,
417 2374 522 2455 poeitae
544 2390 605 2432 uno
626 2367 701 2434 Iove
724 2367 870 2435 minorem
893 2369 1014 2454 fingam
1036 2368 1225 2456 Neptunum.

268 2483 409 2568 Ulyssem
440 2482 564 2549 beatum
586 2487 617 2549 ei
639 2484 796 2549 florentem
819 2482 988 2570 conspicata
1012 2482 1164 2578 Nausicaa
1187 2483 1285 2550 iocose
1307 2479 1351 2552 ila

225 2597 404 2686 alloquitur:
1083 2590 1084 2594 ¹

314 2716 418 2799 χαῖρε,
443 2711 525 2789 ξεῖν’
549 2712 608 2778 ἵνα
632 2715 688 2777 καὶ
714 2718 789 2778 ποτ’
814 2711 877 2779 ἐὼν
903 2713 937 2779 ἐν
962 2712 1097 2798 πατρίδι
1122 2713 1215 2798 γαίη

298 2833 415 2914 4μνήσῃ
441 2829 527 2910 ἐμεῦ,
552 2828 603 2892 ὅτι
626 2853 681 2910 μοι
707 2831 820 2914 πρώτῃ
845 2827 976 2913 ζωάγρι’
1000 2826 1160 2910 ὀφέλλεις.

224 2943 273 3007 Ad
296 2941 526 3029 explicationem
548 2942 687 3009 vocabuli
711 2941 853 3028 ζωάγρια
878 2948 924 3010 est
948 2942 981 3008 in
1004 2941 1048 3007 T:
1073 2943 1113 3006 τά
1137 2942 1199 3005 ὑπὸ
1223 2948 1279 3024 τῆς
1283 2991 1346 3007 .....

225 3055 424 3142 α’γρεδματα.
458 3056 492 3120 Si
523 3079 592 3122 oum
622 3056 671 3123 his
702 3059 899 3125 conferuntur
927 3056 1098 3143 Hesychius
1129 3055 1162 3121 in
1191 3080 1263 3123 voce
1288 3045 1349 3132 ζω-

224 3177 322 3256 άγρια
358 3169 476 3237 τίνειν·
513 3172 555 3234 τά
588 3171 668 3256 ὑπὲρ
706 3153 786 3254 ζωῆξ
817 3175 1025 3259 παρεχόμενα
1057 3171 1146 3258 δῶρα
1177 3171 1348 3258 παρέχειν,

225 3283 286 3374 (ed.
311 3285 430 3351 Alber’ai
454 3285 482 3349 I.
507 3309 537 3372 p.
563 3287 662 3373 1590)
688 3292 718 3352 el
741 3287 922 3374 Apollonius
946 3285 1103 3375 Sophisla:
1129 3285 1284 3372 ζωάγρια·
1309 3289 1349 3352 τὰ

226 3405 281 3479 τῆς
306 3397 387 3481 ζωῆς
413 3397 612 3484 α’γρεδματα.
637 3400 697 3489 (ed.
721 3399 882 3480 Villoiron,
907 3401 935 3466 I.
955 3425 985 3488 p.
1012 3402 1099 3488 382),
1124 3379 1260 3489 aperlum
1282 3403 1349 3482 erit,

224 3518 327 3578 nostro
356 3511 423 3577 loco
455 3512 647 3578 scribendum
669 3535 750 3578 esse:
775 3515 816 3576 τὰ
836 3512 916 3598 ὑπέρ
941 3519 998 3595 τῆς
1022 3513 1125 3595 ζωῆς
1149 3513 1348 3598 αέγρειέματα.

225 3625 272 3690 Da
302 3625 434 3692 confusis
465 3625 545 3710 ὑπὲρ
569 3633 600 3692 ct
623 3625 685 3690 ὑπό
709 3625 838 3690 sufficiat
859 3625 1024 3713 inspexisse
1051 3626 1199 3707 Raecium,
1231 3627 1351 3694 Comm'

224 3738 377 3825 Palaeogr.
402 3762 431 3825 p.
457 3743 531 3803 846.
980 3749 984 3756 '

269 3851 396 3931 Habito,
419 3852 522 3939 inquit
544 3845 669 3938 Ulysses
695 3853 729 3919 in
752 3852 900 3941 principio
924 3853 1103 3920 narraiionis
1126 3855 1163 3919 tle
1185 3855 1248 3921 suis
1270 3880 1352 3924 erro·

225 3968 309 4033 ribus
334 3967 372 4032 ad
394 3967 551 4045 Phaeaces,
576 3971 718 4033 ναιετάω
739 3966 769 4031 δ’
794 3972 938 4051 Ἰδάιιην
966 3966 1127 4035 εὐδείελον
1152 3968 1192 4056 (ι.
1217 3993 1260 4036 vs.
1283 3970 1350 4061 al).

225 4080 403 4169 Explicatur
426 4078 588 4146 εὐδείελον
609 4081 643 4146 in
663 4081 700 4146 Τ.
724 4083 882 4165 ἐπιφανῆ,
906 4085 985 4168 πρὸς
1005 4085 1064 4160 τὴν
1078 4081 1189 4165 δείλην
1203 4083 1348 4168 κειμένη.

227 4197 280 4259 καὶ
304 4197 366 4278 γὰρ
391 4192 536 4278 ἐπιφέρει
562 4196 662 4280 „arpeo
692 4195 814 4279 ζόφον”
840 4198 896 4284 (vs.
923 4195 979 4286 26)
1005 4197 1033 4260 εἰ
1057 4194 1091 4258 δὲ
1116 4195 1263 4278 σημαίνει
1288 4201 1349 4277 τὴν

227 4309 397 4393 εὔκρατον,
432 4304 621 4375 δασύνεται.
655 4309 809 4380 Quoniam
840 4309 920 4375 idem
950 4309 1130 4375 vocabulum
1159 4332 1222 4374 nou
1252 4316 1352 4396 potest

226 4419 317 4485 simul
328 4420 510 4506 significare:
533 4421 643 4504 „clara
664 4422 727 4488 sive
746 4407 911 4509 quachenc
922 4421 1054 4506 conspici
1065 4420 1195 4506 polosl‚”
1208 4428 1240 4487 et
1251 4424 1350 4504 „occi-

229 4534 349 4598 dentem
381 4557 485 4600 versus
515 4534 604 4614 siha‚’'
636 4535 795 4601 manifesto
819 4532 1010 4601 scribendum
1033 4540 1094 4598 est:
1120 4535 1273 4618 ἐπιφανῆ,
1300 4532 1349 4623 (η)

231 4646 310 4731 πρὸς
335 4650 393 4729 τὴν
418 4646 530 4736 δείλην
556 4647 720 4737 κειμένην.
742 4650 849 4717 Fidem
871 4649 970 4730 faciat,
995 4647 1076 4744 quod
1098 4646 1200 4719 slahim
1219 4648 1257 4716 ad
1268 4647 1349 4720 idem
