3454 5330
880 681 921 744 98

339 897 392 957 ρος
424 869 506 955 α’νήρ
538 871 604 933 ντί.
637 868 687 931 Ad
706 867 779 934 haee
801 866 834 930 in
857 865 971 930 scholio
994 863 1124 930 dicitur:
1150 864 1259 946 σαφῶς
1284 863 1319 925 ἐκ
1343 865 1462 927 τοιίτον

341 984 497 1070 δηλοῦται
530 986 581 1048 ότι
612 984 692 1066 πηὸς
716 980 760 1046 οὐ
785 985 875 1045 κατ’
900 979 1147 1060 ἐπωνυμίαν
1173 979 1290 1050 οἰκεῖος
1313 981 1334 1057 ἡ·
1356 974 1462 1057 φίλος,

341 1098 415 1163 αλλ’
451 1103 590 1182 ἑταῖρος,
628 1097 671 1170 ιός
688 1097 734 1160 ὀί
765 1091 881 1158 πολλοί
914 1097 980 1158 τῶν
1011 1091 1282 1176 γλασσογρόιφων.
1317 1088 1463 1174 ἐπιφέρει

341 1216 419 1292 γοῦν
444 1207 723 1278 ἀντιδιαστέλλων
746 1213 787 1290 „al
809 1209 876 1270 ποιί
896 1231 946 1280 τις
971 1207 1026 1269 καί
1049 1206 1176 1288 ἑταῖρος
1196 1203 1311 1287 α’νήρ,”
1331 1205 1462 1287 όρισμὸν

340 1330 456 1393 ποιῶν.
490 1325 574 1390 Haec
603 1324 684 1388 inter
719 1345 750 1388 se
781 1328 881 1408 aperte
913 1325 1058 1408 pugnant.
1090 1319 1173 1384 Nam
1196 1318 1223 1384 si
1243 1319 1326 1400 πηὸς
1349 1323 1395 1383 est
1418 1315 1463 1380 οὐ

341 1447 415 1505 κατ’
439 1439 628 1521 ἐπωνυμίαν
650 1438 768 1510 οίιιιῒος
791 1432 923 1516 ἤφίλος
943 1434 1148 1518 σοόὲταῖρος,
1170 1432 1330 1517 quomodo,
1344 1453 1464 1516 quaeso,

340 1555 443 1620 statim
477 1552 660 1638 subiungere
688 1554 804 1636 polest:
837 1547 983 1633 ἐπιφέρει
1017 1549 1095 1625 γοῦν
1120 1544 1398 1611 ἀντιδιαστέλλων
1423 1547 1466 1627 „d

342 1674 406 1734 ποιί
436 1693 485 1741 τις
510 1668 565 1732 ναί
591 1669 764 1748 ἑταῖρος
787 1661 907 1747 ἅνὴρ,”
933 1661 1109 1744 όρισμόν
1134 1659 1292 1725 ποιῶνΡ
1316 1658 1400 1724 Haec
1423 1657 1467 1722 sic

342 1783 474 1850 sananda
503 1781 663 1846 videntur:
698 1776 855 1861 δηλοῦται
886 1777 937 1840 ότι
969 1776 1049 1857 πηός
1073 1779 1200 1839 ὄναιτ’
1226 1773 1465 1855 ἐπιγαμίαν

342 1899 514 1972 οίιιιῒος,
542 1892 577 1982 (i.
602 1916 627 1958 e.
653 1889 776 1980 affinis),
802 1888 876 1954 ἀλλ’
902 1887 991 1977 (οὐχ
1014 1887 1089 1976 ins.)
1112 1890 1260 1972 ccciccc,
1274 1889 1317 1962 ὥς
1336 1887 1369 1950 οί
1387 1885 1468 1950 πολ·

342 2009 393 2074 λοὶ
417 2011 483 2073 τῶν
508 2005 780 2087 γλωσσογράφον,
806 2003 923 2068 abiecto
946 2002 1125 2087 glossemate
1142 2005 1164 2083 ἡ·
1183 1998 1276 2084 φίλος
1288 2001 1326 2067 ad
1338 2003 1467 2084 ἑταῖρος

341 2122 500 2207 adscripto,
545 2125 578 2185 et
610 2118 654 2182 ita
692 2121 771 2182 recte
813 2121 914 2203 potest
953 2114 1014 2180 diei
1044 2122 1133 2202 polita
1169 2116 1234 2202 ipse
1267 2119 1335 2187 τοῖς
1369 2119 1467 2197 πηοῒς

342 2256 491 2323 opponere
510 2236 551 2316 ,,ἤ
570 2234 637 2296 aod
654 2256 704 2306 τις
721 2232 776 2294 καί
795 2221 969 2314 ἑταῖρος
988 2228 1296 2314 σίνήρ,”όρισμόν
1315 2229 1466 2292 ποιῶν.

386 2375 417 2416 ιι.
441 2350 515 2416 27⁷.
540 2346 675 2412 scholion
698 2351 744 2410 est
766 2345 804 2410 'ad
823 2344 976 2427 Ἑρμείας
998 2347 1239 2429 χροσόρραπις;
1260 2342 1318 2428 οὐχ
1338 2340 1469 2416 ώςΑό-
1589 2421 1592 2430 Δ
1716 2323 1717 2380 i

343 2463 482 2530 τολιίιιον
513 2465 633 2546 πατὴρ,
667 2495 774 2508 -—
805 2456 879 2522 ἀλλ’
911 2458 962 2522 ότι
994 2461 1012 2521 ό
1040 2455 1165 2535 λόγος
1188 2457 1301 2537 θεὸς,
1328 2457 1383 2520 καί
1408 2458 1466 2521 τόν

344 2576 524 2643 σπουδαῖον
549 2576 593 2649 εἷς
618 2572 715 2651 λόγον
740 2580 829 2657 τιμᾷ.
857 2572 941 2643 Quid
965 2571 1006 2636 sit
1028 2573 1047 2634 ό
1066 2569 1160 2650 λόγος
1179 2574 1256 2646 θεός
1276 2570 1394 2649 nesci03
1415 2568 1468 2634 sed

343 2691 435 2778 probe
465 2696 556 2756 notus
584 2689 659 2756 mihi
690 2695 737 2754 est
759 2687 888 2754 Hermes
910 2689 928 2750 ό
951 2684 1097 2762 λόγιος
1121 2687 1210 2764 θεὸς,
1248 2706 1338 2770 qaem
1360 2682 1468 2749 itidem

343 2804 456 2870 scribae
485 2803 721 2870 obscuraverunt
750 2802 789 2867 ad
817 2827 847 2887 χ.
883 2804 956 2865 240.
989 2805 1046 2870 οὐκ
1077 2798 1212 2883 ἀληθῶς
1244 2801 1289 2874 εἰς
1314 2796 1468 2884 χελιδόνα

341 2916 527 3004 μετεβλήθη
559 2923 579 2998 ἡ
609 2919 697 3001 θεός,
727 2915 801 2980 οὐδὲ
834 2921 984 2999 Ἑρμῆς
1014 2916 1033 2977 ό
1063 2911 1186 2991 λόγος
1216 2914 1328 2997 ὄρνιθι
1354 2910 1467 2983 ἐοικὼς

344 3039 399 3096 cot.
431 3032 524 3096 immo
551 3051 639 3096 vero:
665 3028 739 3094 οὐδὲ
764 3034 885 3114 Ἑρμῆς
909 3032 927 3091 o‘
948 3020 1106 3105 λόγιος.
1132 3027 1289 3093 Praeterea
1311 3028 1344 3091 in
1366 3031 1469 3091 nostro

343 3142 456 3208 scholio
478 3142 615 3208 mallem:
642 3145 700 3207 τόν
725 3141 907 3206 σπουδαῖον
932 3143 976 3214 εἰς
1002 3139 1167 3218 λόγους.

389 3281 419 3319 ιι.
455 3259 529 3333 351,
562 3256 599 3321 ad
630 3255 757 3323 Homeri
786 3277 925 3320 versum:
959 3257 992 3318 ἐκ
1025 3261 1061 3316 θ’
1088 3254 1183 3338 ἱερῶν
1208 3256 1379 3336 ποταμῶν,
1404 3253 1468 3316 οἵτ’

344 3371 389 3444 είς
419 3367 521 3432 ἅλαδε
554 3367 747 3454 προρέουσιν
781 3367 974 3434 observatur:
1007 3369 1105 3432 οὔτε
1130 3373 1245 3451 γράφει
1269 3366 1466 3450 Ζηνόδοτος.

346 3483 566 3569 Ἀρίσταρχος
599 3480 645 3561 δὲ,
680 3484 712 3546 οἳ
736 3484 780 3557 εἷς
812 3480 889 3547 ἅλα.
922 3481 1123 3567 δεύτερον
1160 3479 1195 3545 δέ
1232 3483 1321 3546 ἐστιν
1355 3487 1376 3562 ἡ
1410 3481 1466 3554 εἷς.

343 3599 383 3663 In
415 3599 462 3664 his
497 3597 628 3684 primum
659 3619 712 3685 pro
741 3598 814 3662 οὔτε
839 3598 1044 3685 reponendum
1075 3604 1122 3662 est
1153 3595 1249 3674 οότα,
1274 3601 1311 3660 σί
1340 3593 1470 3659 coniecit

343 3711 530 3791 Dindorfius,
551 3735 588 3778 ex
608 3713 693 3778 cuius
719 3718 792 3778 nola
819 3712 917 3792 video,
942 3712 1033 3778 eliam
1055 3711 1098 3776 ica
1120 3710 1292 3776 emendasse
1315 3708 1469 3773 Dnentae·

343 3845 420 3904 rum,
442 3825 486 3913 (p.
501 3828 556 3913 83)
578 3827 652 3910 „qui
665 3825 853 3892 Zenodotum
877 3827 944 3890 οἵτε
969 3822 1082 3909 ἅλαδε,
1102 3823 1312 3890 Aristarchum
1335 3823 1398 3886 οἵτ’
1423 3822 1468 3894 τίς

344 3935 446 4002 ἅλαδε
470 3939 577 4024 legisse
600 3939 756 4006 ooniioil.”
782 3939 923 4010 Quodsi
946 3939 989 4004 ita
1010 3944 1065 4015 esa,
1089 3939 1214 4006 fortasse
1237 3959 1291 4024 pro
1311 3937 1387 4000 οὔτε
1402 3957 1470 4000 non

344 4053 428 4119 οὕτω
458 4054 663 4140 reponendum
694 4058 749 4132 est,
781 4053 833 4118 sed
856 4053 890 4118 id
911 4052 1012 4138 ipsum
1035 4053 1116 4139 quod
1138 4051 1328 4118 Duenlaerus
1351 4049 1472 4116 volebat

343 4168 451 4253 legisse
483 4168 684 4247 Zenodotum,
716 4189 823 4253 nempe
847 4166 936 4230 οίτε
947 4212 957 4245 ,
982 4165 1094 4232 omisso
1118 4167 1173 4240 εἰς.
1199 4165 1309 4244 Verbo,
1333 4186 1410 4250 quae
1432 4163 1470 4229 de

343 4283 472 4349 lectione
496 4283 685 4348 Aristarchea
710 4289 815 4368 agunt,
835 4303 896 4346 non
916 4281 1015 4348 minus
1035 4287 1175 4367 corrupta
1195 4285 1277 4346 sunt.
1303 4280 1358 4345 Ad·
1377 4277 1467 4344 haec:

344 4395 566 4483 Ἀρίσταρχος
607 4395 655 4476 δὲ,
697 4400 729 4461 οἳ
767 4398 811 4471 εἷς
843 4395 919 4463 ἅλα.
956 4395 1106 4480 διότερον
1147 4393 1183 4458 δέ
1224 4396 1312 4460 ἔστιν
1351 4399 1372 4475 ἡ
1411 4395 1468 4472 είς,

343 4509 524 4576 Βσίίιοααηί
548 4511 715 4578 observatio
738 4518 799 4578 est:
822 4509 987 4597 „Suspicor
1005 4513 1115 4598 primas
1136 4510 1210 4576 duas
1222 4506 1304 4576 vocis
1317 4507 1467 4591 δεύτερον

342 4624 459 4690 litteras
490 4624 657 4712 iungendas
688 4649 752 4693 esse
784 4625 973 4713 praecedenti
1000 4624 1075 4713 ἅλα,
1106 4632 1235 4692 caeteras
1259 4630 1360 4690 autem
1382 4626 1468 4686 natas
