3454 5330
826 665 866 728 79

285 855 370 934 γόνῳ
393 850 472 936 δόρυ
496 851 531 913 εἰι
554 853 711 935 τρόγονος
733 847 932 932 θαλασσίας,
954 852 995 930 ἣν
1018 851 1146 936 Φόρκυς
1167 849 1298 917 ἀνεῖλεν
1319 853 1409 915 ἐσθί-

285 988 385 1031 ουσαν
409 966 484 1040 τοός
508 966 543 1030 ἐν
568 971 609 1049 τῇ
633 963 771 1048 Φορκίδι
796 961 894 1047 λίμνη
920 967 1026 1050 ι’χθός·
1059 949 1098 1028 ori
1127 968 1186 1046 τὴν
1210 968 1270 1048 μὲν
1294 964 1409 1029 ἐπιδο-

283 1078 402 1163 ρατίδα
432 1078 677 1161 ἀδαμαντίνην,
711 1081 768 1144 τόν
801 1076 835 1141 δέ
874 1081 1019 1162 στόρακοι
1044 1080 1183 1164 χρυσοῦν
1208 1071 1308 1159 εἶναι,
1334 1082 1406 1144 τόν

284 1192 485 1258 ’Ὀδυσσέα
508 1191 699 1258 ἀνεῖλεν.
733 1193 783 1256 Ad
805 1192 879 1258 haec
910 1192 1132 1258 Buttmannus:
1157 1192 1300 1276 „turbata
1322 1201 1352 1259 et
1374 1201 1410 1259 ut

283 1308 403 1373 videtur
429 1309 576 1373 omissa
597 1306 788 1393 quaedam
811 1313 924 1387 sunt;
956 1331 1031 1393 quae
1053 1307 1097 1372 ita
1120 1315 1194 1373 sunt
1215 1308 1410 1374 instauranda

284 1426 319 1486 ut
340 1443 437 1487 sermo
456 1422 533 1487 strui
551 1422 648 1509 possit
669 1424 703 1486 in
726 1421 808 1486 hunc
829 1422 972 1486 modum:
997 1423 1041 1496 ώς
1065 1423 1102 1486 τό
1126 1421 1217 1508 δόρυ,
1238 1423 1256 1484 ὃ
1276 1423 1409 1505 Ἥφαι-

285 1557 357 1611 στος
387 1541 600 1601 κατεσκεύασε
632 1533 822 1619 Τηλεγόνῳ,
841 1574 952 1622 ÷—‚
976 1539 1033 1602 τόν
1057 1535 1219 1601 Ὀδυσσέα
1243 1535 1407 1602 ἀνεῖλεν.”

284 1648 383 1714 Multo
412 1650 529 1716 facilior
558 1672 605 1715 res
636 1655 691 1714 est.
723 1649 798 1714 Post
831 1642 918 1715 εἶναι
950 1649 1079 1714 addatur
1110 1636 1138 1734 ᾧ
1167 1657 1198 1716 et
1220 1651 1321 1715 omnia
1342 1656 1410 1737 apte

284 1763 451 1843 cohaerent,
474 1765 500 1829 si
522 1765 566 1830 ita
589 1763 780 1829 scribuntur:
802 1765 902 1846 φασὶν
924 1764 967 1837 ὥς
989 1802 1090 1814 --
1107 1763 1297 1845 Ἥφαιστος
1317 1788 1409 1828 κατε-

284 1882 415 1942 σκειίασε
447 1875 622 1962 Τηλεγόνῳ
645 1877 724 1963 δόρυ
748 1879 782 1941 ἐκ
808 1880 965 1963 τρυγόνος
987 1876 1186 1956 θαλασσίας,
1211 1880 1252 1958 ἣν
1282 1879 1410 1962 Φόρκυς

284 1989 414 2056 ἀνεῖλεν
436 1993 613 2058 ἐσθίουσαν
639 1993 713 2066 τοός
737 1993 772 2058 ἓν
797 1998 838 2076 τῇ
863 1990 1000 2077 Φορκίδι
1033 1990 1132 2076 λιμνῇ
1156 1993 1262 2077 ἰχθῦς·
1288 1975 1327 2057 οὗ
1349 1995 1409 2072 τὴν

283 2107 342 2186 μέν
381 2104 596 2190 ἐπιδορατίδα
630 2104 875 2189 ἀδαμαντίνην,
920 2109 977 2172 τόν
1015 2104 1049 2170 δέ
1086 2108 1231 2190 στόρακα
1272 2108 1409 2192 ηρυσοόν

285 2211 383 2282 εἶναι·
410 2206 463 2306 (ᾧ)
488 2224 544 2286 τόν
569 2218 730 2284 Ὀδυσσέα
754 2217 896 2285 ἀνεῖλεν.
929 2221 1047 2287 Literas
1070 2247 1104 2285 αι
1128 2228 1160 2286 et
1182 2247 1220 2286 ωι
1243 2223 1278 2287 in
1299 2221 1411 2286 nostris

287 2331 372 2397 codd.
401 2355 487 2419 saepe
519 2333 694 2420 permutari,
725 2332 841 2420 patebit
864 2334 998 2400 conferre
1021 2335 1135 2400 volenti
1158 2334 1256 2402 Praei.
1280 2357 1309 2422 p.
1335 2353 1409 2413 unt,

285 2445 365 2510 unde
399 2452 520 2532 apparet
548 2447 583 2510 in
605 2447 654 2512 his
676 2446 714 2512 ad
745 2445 776 2511 δ.
803 2451 877 2511 841.
910 2448 1028 2520 νυκτός
1058 2445 1204 2533 ἀμολγόν
1229 2447 1264 2512 ὲν
1290 2455 1331 2532 τῇ
1354 2451 1409 2511 τοῦ

284 2559 499 2638 μεσονυκτίου
530 2559 612 2644 ὥρᾳ,
645 2566 725 2624 καθ’
757 2562 890 2645 ἢνοίρα
915 2558 1118 2646 συμβέβηκεν
1143 2559 1346 2643 ἀμέλγεσθαι
1369 2562 1410 2622 τό

286 2669 366 2755 ζῷα,
397 2672 431 2737 in
461 2673 524 2738 solo
554 2673 584 2738 D
615 2680 695 2738 reete
724 2673 785 2758 legi
819 2674 945 2757 ὣραν,
979 2680 1010 2738 et
1039 2696 1069 2759 p.
1103 2693 1171 2752 uxr,
1201 2673 1409 2739 ubidicitur:

285 2777 392 2866 ,κᾷτα
415 2786 554 2852 Barnesii
577 2786 722 2852 correctio
753 2793 800 2851 est
829 2808 883 2873 pro
916 2791 1003 2850 κάτω
1029 2786 1112 2871 quod
1134 2794 1180 2852 est
1202 2786 1235 2852 in
1258 2785 1349 2864 OV‚''
1379 2794 1411 2850 ct

284 2896 362 2983 App.
393 2922 422 2984 p.
457 2902 530 2978 rm,
560 2900 615 2964 ubi
646 2900 823 2964 admonetur
852 2899 891 2964 ad
914 2906 951 2964 θ.
975 2902 1018 2963 34
1049 2920 1104 2986 pro
1124 2898 1291 2964 necessario
1315 2899 1409 2984 χαρί-

285 3008 413 3090 ζεσθαι,
439 3012 528 3106 quodv
542 3012 692 3078 PreHerus
715 3012 861 3091 restituit,
886 3012 919 3076 iu
944 3012 1046 3078 codice
1070 3034 1150 3078 esse:
1177 3011 1385 3098 χωρίζεσθαι.

326 3123 444 3188 Iterum
473 3101 549 3190 mihi
580 3148 649 3191 eum
673 3126 863 3191 Buttmanno
886 3148 949 3190 nou
972 3127 1115 3193 convenit
1138 3127 1176 3192 de
1199 3126 1410 3192 constituenda

284 3236 431 3322 scriptura
460 3238 567 3303 scholii
598 3239 637 3302 ad
660 3237 690 3301 λ.
717 3242 792 3317 539,
816 3239 868 3304 sed
892 3261 938 3304 res
961 3238 1035 3305 levis
1057 3239 1203 3304 momenti
1226 3245 1280 3305 est.
1305 3239 1410 3325 Expli-

284 3356 369 3415 catur
391 3351 425 3415 in
446 3373 482 3416 eo
505 3351 637 3417 locutio:
670 3359 744 3415 κατ’
768 3351 949 3436 ἀσφοδελὸν
974 3352 1118 3436 λειμῶνα
1146 3354 1206 3419 ita:
1235 3352 1407 3427 ὀξυτόνως.

283 3462 409 3548 ἄδηλον
438 3463 473 3528 δὲ
507 3470 645 3551 πότερον
678 3465 837 3548 σφοδελόν
867 3471 889 3547 ἤ
918 3464 1111 3549 ἀσφοδελὸν.
1146 3465 1233 3544 λέγει
1266 3468 1327 3550 γὰρ
1352 3467 1407 3528 καί

285 3581 380 3664 χωρὶς
404 3582 460 3644 τοῦ
486 3605 518 3644 α.
545 3582 633 3654 τινὲς
658 3579 692 3644 δὲ
717 3585 878 3665 γράφουσι
899 3578 1057 3644 σιτοδελόν
1078 3586 1134 3645 cet.
1155 3580 1204 3643 Ad
1224 3578 1310 3658 λέγει
1323 3585 1411 3664 rogat

173 3683 175 3687 ⁸
284 3692 507 3759 Buttmannus:
539 3717 601 3778 „an
630 3693 760 3774 λέγεται
770 3694 807 3759 P''
841 3693 994 3765 Quoniam
1023 3694 1115 3759 etiam
1144 3693 1200 3758 hac
1227 3692 1410 3759 correctione

284 3813 402 3895 recepta
433 3810 596 3875 accusativi
623 3807 787 3894 σφοδελόν
811 3815 842 3874 et
864 3805 1045 3891 ἀσφοδελὸν
1065 3829 1127 3872 non
1149 3806 1262 3873 habent
1283 3806 1408 3873 verbum

284 3923 365 3988 unde
395 3924 554 4010 pendeant,
585 3925 779 4012 praetulerim
802 3930 839 3988 ut
860 3923 945 3988 loeus
967 3923 1011 3989 sic
1033 3922 1196 3987 scribatur:
1220 3918 1346 4005 ἄδηλον
1372 3919 1406 3984 δε·

285 4041 423 4123 πότερον
449 4037 606 4121 σφοδελόν
631 4044 651 4122 ἤ
674 4036 855 4121 ἀσφοδελὸν
881 4036 980 4115 λέγει.
1006 4034 1244 4125 (γράφεται)
1270 4037 1330 4119 γὰρ
1352 4036 1406 4098 καί

286 4153 382 4236 χωρίς
402 4155 458 4216 τοῦ
480 4177 513 4231 α,
535 4153 617 4239 quod
636 4153 762 4218 verbum
781 4175 834 4239 per
852 4150 1063 4238 compendium
1083 4149 1229 4236 scriptum
1245 4148 1412 4234 asequenti

285 4268 346 4350 γὰρ
366 4266 475 4331 itidem
497 4267 706 4354 compendiose
727 4267 838 4353 scripto
861 4289 924 4332 esse
946 4265 1105 4354 expulsum
1127 4284 1215 4329 nemo
1237 4263 1407 4340 mirabitur,

284 4379 337 4465 qui
360 4381 436 4447 sciat
457 4403 548 4467 quam
571 4404 658 4468 saepe
681 4380 797 4447 librarii
819 4381 928 4448 horum
948 4379 1162 4448 vocabulorum
1188 4378 1279 4465 siglas
1303 4378 1408 4442 confu-

285 4493 394 4559 derint.
416 4494 478 4562 efr.
503 4495 587 4562 Bast.
612 4519 641 4583 p.
667 4499 741 4561 803.
767 4486 846 4564 Utra
864 4497 1043 4564 emendandi
1063 4495 1140 4562 ratio
1159 4493 1350 4581 praeferenda
1361 4491 1411 4570 sit,

285 4609 433 4676 iudicium
455 4635 546 4699 penes
567 4612 692 4678 lectores
716 4619 789 4680 esto.
