3454 5330
891 589 934 654 la

349 779 509 844 lacunosus
528 782 561 843 et
579 770 807 842 mendosissime
828 771 966 863 scriptus.
986 774 1100 841 Narrat
1123 774 1258 862 Ulysses,
1282 775 1480 861 quamobrem

351 892 388 958 ed
410 891 629 980 Polyphemum
651 896 860 978 perventuros,
881 888 987 956 vinum
1010 888 1184 976 victumque
1207 911 1308 956 secum
1330 891 1477 972 attulerit,

621 1004 740 1069 αὐτίκα
765 1010 825 1090 γάρ
849 1029 903 1087 μοι
927 1003 1039 1069 ὀίσατο
1064 1008 1169 1085 θυμὸς
1193 1004 1323 1091 α’γήυωρ

483 1117 580 1206 ἄνδρ’
605 1117 840 1185 ἐπελεύσεσθαι
863 1117 1007 1204 μεγάληυ
1034 1117 1219 1202 ἐπιειμένον
1245 1117 1362 1201 duale,

483 1237 615 1320 ἄγριοι,
641 1235 714 1298 οὔτε
740 1232 834 1306 δίκας
858 1224 895 1298 εὖ
917 1230 1028 1298 εἰδότα
1052 1235 1125 1298 οὔτε
1145 1233 1322 1328 θέμιστας.

351 1350 401 1414 Ad
422 1348 495 1414 haec
518 1347 615 1434 prima
636 1346 742 1413 verba:
768 1345 889 1412 αὐτίκα
913 1353 973 1433 γάρ
998 1372 1051 1430 μοι
1076 1346 1189 1413 ὀίσατο
1217 1348 1319 1414 editur
1342 1348 1480 1414 scholion

350 1466 394 1531 ita
425 1462 586 1552 scriptum:
620 1461 740 1539 εἲκάζει
772 1463 807 1526 ἐκ
840 1465 896 1528 τοῦ
920 1461 1081 1545 μεγέθους
1105 1465 1161 1528 τοῦ
1186 1461 1349 1546 σπηλαίου
1371 1461 1478 1546 μίγαυ

351 1580 427 1644 τινὰ
459 1577 514 1642 καί
546 1580 664 1663 ἄγριου
699 1569 785 1642 εῗυοιι
819 1575 854 1640 ἔκ
888 1579 945 1641 τοῦ
971 1577 1022 1640 ἐπ’
1048 1569 1204 1664 ἐσχατιὰν
1229 1579 1342 1644 clusio.
1366 1575 1421 1640 διὰ
1446 1578 1480 1641 τί

351 1681 491 1759 calcada
516 1693 667 1757 ἐπείθετο
692 1697 760 1767 τοῖς
791 1692 948 1778 drota'potc,⁸
972 1689 1090 1758 ἄδικοι
1116 1690 1205 1776 αὐτῷ
1231 1689 1335 1756 ε’δόιιει
1360 1685 1478 1757 είυαι

350 1805 453 1892 μηδὲν
485 1806 771 1887 οἷδιιιύσαυτα.
806 1809 860 1870 καὶ
885 1803 993 1882 ἄλλως
1018 1803 1066 1885 δὲ,
1092 1807 1135 1880 ὥς
1159 1805 1253 1890 ἕφηυ,
1275 1807 1479 1891 ἡμερώτερον

351 1919 467 2007 ἕβλεπε
479 1966 641 1984 ........
662 1925 750 1985 πάνυ
765 1921 924 2006 ἐφοβεῖτο.
946 1921 1001 1983 καὶ
1025 1919 1151 1986 συυίσει
1164 1968 1171 1982 .
1186 1969 1193 1984 .
1207 1967 1236 1984 ..
1256 1922 1352 1986 καλεῖ
1364 1923 1481 2005 οίηριοι,Ι
1508 1917 1511 1922 ’

352 2028 405 2113 ἦν,
431 2031 506 2096 ἀλλ’
531 2032 588 2098 οὐκ
612 2033 692 2118 ᾤετο
717 2032 984 2119 αὐθρωποφάηου
1012 2027 1109 2100 εἶναι.
1135 2035 1216 2100 Sunt
1238 2035 1312 2101 haec
1329 2058 1391 2100 non
1411 2058 1480 2100 sen·

350 2147 455 2226 tentia,
480 2146 532 2212 scd
554 2146 678 2213 miserae
701 2145 828 2214 alicuius
848 2147 1023 2227 sententiae,
1054 2171 1130 2234 quae
1149 2149 1210 2215 fuit
1238 2149 1321 2229 olim,
1341 2149 1477 2216 laciniae.
1579 2197 1582 2202 ,

352 2260 412 2328 Vel
434 2259 478 2326 sic
499 2265 610 2341 tamen,
635 2260 660 2327 si
684 2260 852 2346 fragmenta
874 2259 927 2326 illa
949 2267 1064 2327 attente
1086 2263 1239 2350 leguntur,
1268 2270 1298 2330 et
1321 2286 1390 2329 cum
1412 2263 1480 2331 aliis

352 2376 486 2444 eiusdem
516 2374 682 2442 sententiae
712 2375 833 2442 scholiis
855 2382 1074 2466 comparantur,
1098 2399 1166 2464 spes
1187 2384 1235 2443 est
1256 2378 1330 2456 fore,
1354 2381 1389 2442 ut
1411 2377 1479 2464 plu-

352 2493 428 2558 rima
457 2513 540 2557 nnnc
570 2490 739 2556 deficientia
770 2497 924 2558 eruantur.
956 2493 996 2556 In
1023 2491 1128 2581 primis
1159 2489 1258 2558 verbis
1277 2490 1337 2558 duo
1361 2496 1480 2558 tantum

350 2605 495 2673 vocabula
524 2604 745 2693 transponenda
775 2613 847 2672 sunt
870 2606 908 2672 ad
931 2605 1134 2672 connectenda
1157 2629 1201 2684 ea,
1228 2627 1303 2691 quae
1325 2627 1406 2671 nunc
1429 2628 1479 2671 oo-

348 2721 470 2787 haerere
498 2741 561 2784 non
586 2718 739 2798 videntur,
770 2741 878 2807 nempe
906 2718 1033 2786 verbum
1065 2711 1150 2786 εἶναι
1183 2726 1252 2786 ante
1280 2721 1336 2784 uel
1359 2723 1477 2805 ἄγριοι

350 2833 557 2900 collocandum
597 2839 652 2898 est.
695 2832 782 2897 Dicit
822 2833 903 2899 enim
943 2835 1109 2914 scholiasta,
1150 2833 1291 2919 Ulyssem
1329 2833 1480 2920 putavisse

349 2946 446 3033 ἄνδρ’
471 2940 714 3024 ἐπελεύσεσθαι,
734 2953 765 3012 et
783 2973 817 3030 μ.
833 2945 1018 3032 ἐπιειμίυου
1039 2946 1155 3029 α’λκὴυ,
1174 2948 1256 3032 quod
1276 2953 1394 3012 antrum
1414 2954 1480 3013 erat
1515 2965 1519 2974 ’

350 3057 478 3146 insignis
500 3058 730 3144 magnitudinis,
749 3051 782 3125 et
802 3062 934 3145 ἄγριοι,
955 3060 1037 3144 quod
1056 3059 1185 3147 Cyclops
1205 3060 1238 3125 in
1257 3082 1309 3126 ora
1327 3058 1478 3127 maritima

351 3172 455 3261 procul
477 3170 515 3236 ab
539 3171 605 3236 aliis
626 3171 793 3238 habitabat.
818 3173 920 3237 Prima
943 3173 1039 3258 igitur
1062 3172 1153 3239 rerba
1176 3175 1219 3240 sic
1240 3173 1366 3260 legenda
1388 3181 1476 3239 sunt:

352 3283 471 3360 εἰκάζει
492 3285 527 3349 ἐκ
552 3286 608 3349 τοῦ
630 3282 791 3367 μεγέθους
817 3288 872 3349 τοῦ
897 3283 1059 3370 σπηλαίου
1081 3285 1186 3369 μίγαυ
1207 3290 1284 3353 aava
1305 3279 1403 3367 εἷυαι,
1419 3288 1476 3350 καί

351 3403 469 3484 ἄγριοι
502 3399 537 3463 ἐκ
567 3401 623 3463 τοῦ
649 3399 700 3460 ἐπ’
724 3395 881 3484 ἐσχατιὰν
913 3401 1027 3466 oleata.
1061 3402 1208 3488 Sequenti
1239 3400 1362 3487 ἀπορίᾳ
1384 3401 1478 3488 persi·

350 3513 463 3593 milem,
495 3514 548 3580 sed
579 3509 766 3580 breuioribus
797 3510 906 3594 verbis,
937 3513 998 3580 iam
1028 3515 1117 3580 attuli
1149 3537 1247 3603 supra,
1285 3514 1339 3581 ubi
1368 3515 1478 3580 vitium

350 3627 470 3708 sustuli,
501 3629 539 3694 ad
570 3654 594 3691 ι.
620 3631 685 3693 195
717 3627 846 3716 positam
875 3652 912 3695 ex
943 3631 1048 3697 eodem
1079 3629 1181 3695 codiee
1204 3628 1241 3693 Τ.
1266 3629 1355 3695 Hanc
1377 3651 1476 3695 emen-

350 3744 451 3831 datam
483 3764 565 3810 nunc
606 3742 783 3823 adscribam,
818 3752 854 3809 ut
887 3751 990 3813 nostro
1023 3746 1090 3811 loeo
1125 3745 1220 3810 facem
1253 3744 1408 3831 praeferat.
1444 3744 1476 3806 τί

352 3847 409 3923 οὖν
434 3862 520 3923 ιιιυεῖ
541 3857 599 3923 τὸυ
624 3854 786 3922 Ὀδυσσέα
809 3858 888 3942 πρὸς
912 3859 948 3922 τὸ
971 3861 1013 3939 μὴ
1039 3863 1218 3938 πεισθῆυαι
1243 3862 1312 3931 τοῖς
1335 3857 1478 3940 ἑταίροις

352 3969 606 4058 συμβουλεύουσι
640 3974 772 4053 postica·
803 3971 854 4034 ὅτι
879 3973 1052 4054 γενόμενος
1077 3971 1111 4035 εἰι
1137 3975 1182 4054 τῷ
1208 3967 1358 4054 σπηλαίῳ
1383 3968 1476 4035 οὐδε-

348 4085 429 4170 μίαυ
460 4085 537 4172 βίου
569 4082 757 4172 θηριώδους
788 4083 949 4149 ιίπόυοιαιι
983 4081 1093 4170 ἔλαβε.
1126 4085 1229 4170 Igitur
1260 4084 1296 4151 de
1328 4083 1477 4150 sententia

351 4205 478 4278 constat,
501 4221 577 4285 quae
600 4197 662 4266 lere
685 4198 757 4265 haee
779 4221 843 4264 esse
866 4191 971 4263 debet:
994 4196 1057 4263 Our
1075 4196 1186 4284 itaque,
1207 4203 1293 4285 rogat
1306 4197 1474 4277 scholiasta,

350 4313 377 4379 si
399 4312 524 4398 Ulysses
545 4311 606 4378 iam
625 4312 662 4378 ab
684 4311 774 4378 initio
802 4311 969 4399 suspicatus
989 4318 1062 4390 erat,
1084 4312 1164 4377 sead
1176 4312 1276 4378 virum
1287 4317 1473 4398 magnumst

348 4427 477 4492 ferocem
501 4447 565 4491 esse
587 4431 759 4504 venturum,
784 4447 837 4491 our
858 4446 921 4491 non
945 4425 1105 4492 obsecutus
1129 4431 1175 4491 cst
1193 4425 1356 4491 comitibus
1368 4427 1471 4512 fugere

346 4537 560 4610 hortantibus?
585 4539 807 4630 Respondetur‚
831 4539 935 4626 fugere
957 4539 1098 4636 Ulyssem
1121 4539 1262 4618 noluisse,
1287 4560 1381 4634 quum
1403 4539 1472 4608 nul-
