3454 5330
857 679 921 740 102

326 865 406 930 dixit
443 863 634 930 Aristonicus
664 864 702 930 de
731 864 872 931 Somnio:
906 862 1071 946 πέμπεται
1109 866 1159 928 ἐπ’
1194 865 1359 950 ἀπίστῳ
1394 870 1450 931 καί

327 984 430 1064 κακῶ,
463 979 516 1043 sed
547 979 598 1041 ἐπ’
630 976 777 1062 ἀπάτη,”
808 985 842 1042 ut
874 978 1029 1044 verissime
1060 979 1231 1045 emendavit
1253 980 1396 1046 Iehrsius
1418 982 1452 1046 in

325 1097 424 1160 Enim.
455 1093 566 1158 Scholl.
599 1091 830 1158 Homerioorum
860 1114 889 1178 p.
921 1095 996 1157 459.
1032 1092 1225 1172 Scholiastae,
1255 1131 1300 1141 —
1330 1101 1367 1159 ut
1394 1095 1453 1160 hoo

325 1231 444 1296 quoque
467 1228 613 1283 moneam,
637 1242 681 1253 —
703 1207 871 1291 promiscue
895 1211 1025 1272 utuntur
1047 1206 1204 1272 usitatiore
1228 1205 1397 1282 ἐξαπατᾶν
1422 1215 1453 1273 et

325 1322 471 1386 ἀπατᾶν.
497 1319 626 1405 Legitur
648 1318 775 1405 simplex
804 1342 833 1405 p.
859 1323 911 1383 88.
937 1319 957 1383 l.
983 1323 1035 1385 20.
1068 1317 1275 1400 ἐμφαντικῶς
1299 1321 1335 1384 τό
1358 1320 1450 1400 ὅλον,

325 1437 367 1508 ῶς
392 1437 446 1498 καί
472 1436 512 1497 τό
536 1435 649 1516 πρῶτοι
674 1427 790 1505 δολίως
813 1430 1041 1515 ἀπατῶοης
1067 1431 1199 1511 αὐτούς,
1224 1456 1252 1520 p.
1279 1434 1451 1499 89.1.11.

326 1551 361 1612 τό
384 1551 426 1629 μὴ
453 1545 672 1630 διηγήσασθαι
697 1525 760 1626 τὴνΙ
783 1544 924 1630 ἀπᾶτην,
949 1544 1034 1609 ἀλλά
1060 1546 1197 1640 καὶτὰς
1219 1549 1329 1629 φωνὰς
1349 1545 1452 1620 αὐτὰς

327 1667 438 1728 θεῖναι
464 1660 498 1736 ἐξ
519 1648 566 1725 ὧν
589 1664 821 1742 ἠπάτησεν,
844 1661 1031 1741 φαντασίαν
1056 1658 1122 1744 ἔχει
1148 1667 1204 1740 τῆς
1227 1659 1397 1744 ἀληθείας,
1421 1668 1454 1725 et

325 1782 476 1864 praeterea
507 1799 536 1862 p.
570 1778 643 1839 125.
676 1774 697 1838 l.
730 1778 789 1839 11:
822 1797 850 1860 p.
886 1776 959 1839 575.
991 1774 1010 1838 l.
1038 1779 1098 1852 283
1131 1797 1160 1860 p.
1191 1778 1265 1840 685.
1289 1773 1310 1839 l.
1338 1778 1451 1862 10;.p.

328 1891 402 1955 707.
426 1889 447 1954 l.
474 1892 533 1966 15;
557 1912 586 1974 p.
615 1890 687 1952 721.
711 1887 732 1951 l.
758 1891 811 1952 13.
835 1887 895 1952 Sed
918 1894 950 1953 et
972 1887 1068 1952 Attici
1093 1888 1227 1953 iuniores
1249 1887 1340 1953 verba
1362 1887 1452 1951 ἀπα-

326 2009 388 2068 τᾶν
413 2009 444 2068 et
475 2000 644 2075 ἐξαπατᾶν
677 2001 846 2086 promiscue
876 1999 1030 2077 adhibent,
1063 2008 1094 2066 et
1127 2000 1298 2087 Xenophon
1329 2001 1454 2087 quidem

326 2117 414 2182 ambo
444 2115 564 2201 scripsit
591 2114 625 2178 in
654 2113 757 2178 eadem
787 2112 945 2188 sententia,
977 2135 995 2176 a
1025 2113 1185 2179 Dindorfio
1215 2120 1246 2178 et
1277 2112 1392 2180 Oobeto
1416 2115 1454 2180 ab

326 2229 451 2294 immani
473 2227 549 2294 vitio
571 2225 711 2292 liberata:
744 2228 839 2290 ὁπότε
864 2249 899 2302 γε
925 2227 980 2288 καί
1010 2226 1042 2290 οἱ
1065 2224 1181 2303 παῖδες
1204 2227 1286 2291 όταν
1310 2226 1452 2303 παίζουσι

326 2341 468 2408 ποσίνόα
507 2340 669 2406 ὀνίνανται
708 2338 879 2405 ἀπατᾶν
918 2341 1130 2426 προΐσχοντας
1164 2340 1244 2405 ὥστε
1279 2338 1385 2419 ὀλίγον
1421 2349 1452 2404 τ’

327 2457 457 2542 ἔχοντες
487 2452 627 2528 πολλοῦς
660 2453 770 2520 δοκεῖν
794 2452 883 2538 ἔχειν
908 2454 963 2518 καί
996 2451 1137 2530 πολλοῦς
1160 2453 1363 2539 προέχοντες·
1380 2452 1452 2517 ὀλί-

289 2585 291 2590 ’
327 2596 404 2648 γους
436 2570 615 2652 φαίνεσθαι
648 2567 747 2653 ἔχειν,
777 2571 845 2642 πῶς
877 2566 935 2632 οὐκ
956 2565 1075 2653 ἄνδρες
1099 2593 1134 2645 γε
1159 2573 1205 2652 τῷ
1230 2566 1450 2642 ἐξαπατᾶν

327 2683 540 2770 προσέχοντες
578 2684 636 2747 τόν
676 2685 755 2748 νοῦν
787 2681 938 2748 δύναιντ’
969 2684 1013 2746 ἂν
1049 2684 1187 2746 τοσαῦτα
1221 2686 1452 2767 μηχανᾶσθαι,

325 2798 547 2885 Hipparchicus
569 2797 609 2860 V.
635 2800 652 2882 ό
678 2799 728 2862 10.

371 2912 533 2989 Antinous,
561 2909 701 2994 Ulyssem
731 2910 954 2975 mendicantem
989 2909 1188 2996 conspicatus,
1218 2909 1314 2974 iratus
1347 2916 1449 2995 rogat:

326 3025 376 3098 τίς
407 3022 534 3104 όαίμων
567 3021 639 3086 τόόε
672 3029 761 3103 πῆμα
796 3028 993 3106 προσήγαγε,
1020 3021 1132 3095 δαιτός
1155 3021 1269 3104 ἀνίηνς
1294 3023 1335 3106 (ρ.
1360 3025 1450 3110 446.)

327 3135 503 3222 Paraphresi
523 3134 595 3198 hoec
618 3133 786 3199 redduntur
808 3135 868 3199 ita:
895 3134 959 3221 (τίς
984 3133 1122 3222 δαίμων)
1146 3138 1226 3219 πρός
1248 3139 1330 3216 ἡμᾶς
1350 3138 1450 3215 ἤγαγε

328 3246 434 3331 λυπην
459 3248 529 3310 καί
555 3245 709 3331 coeptam
734 3269 810 3331 qnae
833 3247 960 3313 ridicule
988 3254 1068 3312 sunt.
1090 3247 1312 3314 Buttmannns:
1337 3250 1452 3331 „immo

271 3392 274 3398 ·
326 3369 382 3442 τῆς
414 3358 586 3444 εόωχίας,”
619 3360 657 3424 ad
686 3381 806 3425 sensum
833 3367 911 3446 apte,
935 3361 997 3435 sed,
1021 3367 1057 3426 ut
1081 3383 1177 3448 saepe,
1203 3362 1293 3428 nimis
1317 3386 1333 3427 e
1356 3363 1452 3428 literis

327 3474 494 3562 depravatis
533 3472 669 3537 discedit.
706 3472 808 3538 Multo
838 3473 936 3538 lenius
966 3480 998 3540 et
1031 3474 1067 3538 ed
1100 3475 1240 3541 vitiosam
1274 3476 1452 3563 scripturam

326 3591 422 3677 magis
445 3588 588 3654 secedens
612 3589 721 3674 corrigi
745 3595 860 3675 potest:
888 3587 954 3678 (τίς
977 3588 1117 3672 όαίμιον)
1142 3589 1220 3672 πρός
1244 3595 1327 3672 ἡμᾶς
1350 3593 1450 3670 ἤγαγε

328 3703 434 3787 λιίπην
459 3707 547 3767 κατ’
574 3700 725 3787 εὐωχίαν.

371 3816 434 3882 Ubi
458 3841 488 3879 ιι.
506 3820 568 3880 191
591 3840 672 3903 seqq.
692 3816 806 3882 mentio
824 3816 964 3881 iniioitur
983 3816 1020 3880 de
1040 3822 1110 3880 vete
1130 3815 1254 3893 Tiresia,
1275 3815 1322 3880 his
1334 3815 1449 3881 verbis:

923 3965 1023 3976 -—
1036 3966 1079 3976 —
1091 3967 1135 3978 --
1154 3929 1337 4012 Τειρεσίαο,

480 4047 622 4125 μαντῆος
647 4038 763 4118 ἀλαοῦ,
790 4043 882 4104 τοῦτε
908 4039 1021 4123 φρένες
1046 4039 1180 4121 ἔμπεδοί
1205 4045 1299 4107 εἰσιν·

480 4161 527 4239 τῷ
553 4155 608 4217 καὶ
631 4155 795 4236 τεθνηῶτι
822 4157 899 4217 νόον
924 4155 1001 4236 πόρε
1025 4157 1251 4238 Περσεφόνεια

482 4268 540 4351 σ’ίῳ
565 4271 767 4332 πεπνῦσθαι·
794 4268 845 4329 τοί
871 4264 905 4328 δι’
932 4269 1020 4329 σκιαί
1047 4266 1227 4346 ἀίσσουσιν,

325 4383 363 4448 ad
386 4383 458 4447 haee
480 4382 575 4467 igitur
597 4380 688 4446 verba
710 4379 863 4465 complura
883 4378 995 4445 scholia
1015 4387 1095 4462 sunt,
1117 4403 1154 4446 ex
1177 4381 1258 4452 HQ:
1283 4383 1383 4462 φασίν
1407 4383 1450 4456 ῶς

327 4495 507 4576 δράκοντας
541 4492 597 4557 δυο
630 4495 664 4556 ἐν
695 4496 884 4575 Κιθαιρῶνι
909 4492 1127 4574 μιγνυμένους
1153 4492 1232 4559 ι’όὼν
1257 4491 1365 4558 ἀνεῖλε
1390 4498 1449 4573 τὴν

324 4603 476 4686 θήλειαν,
512 4608 565 4671 καί
600 4607 699 4678 οὕτως
729 4602 971 4691 μεταβέβληται
1005 4609 1049 4680 εἷς
1080 4611 1239 4684 γυναῖκα,
1265 4609 1319 4669 καί
1344 4604 1446 4674 πάλιν
