3454 5330
918 667 960 746 aa

378 869 528 952 φεταιΡ
558 868 678 956 Nempe
708 872 869 954 γράφουσι
900 889 994 954 quum
1025 868 1114 936 solito
1144 869 1320 958 compendio
1350 895 1401 956 γρ.
1426 867 1504 936 scri·

375 990 463 1072 ptum
485 991 572 1062 esset,
596 983 693 1048 scriba
716 981 788 1048 inde
810 983 883 1048 fecit
906 988 1081 1068 γράφεται,
1107 984 1189 1070 quod
1211 984 1374 1051 bellissime
1396 986 1434 1051 ad
1453 1010 1503 1050 τι-

377 1101 430 1174 νὲς
455 1099 624 1187 respondet,
650 1098 760 1164 deinde
783 1121 878 1185 quum
899 1120 953 1186 pro
976 1097 1097 1176 γελοι
1122 1099 1156 1165 in
1178 1121 1242 1166 voc.
1267 1097 1399 1176 γελοίως
1423 1101 1503 1166 osci-

375 1217 475 1279 tanter
504 1212 593 1292 λεγοι
624 1219 703 1278 esset
725 1213 868 1299 positum,
900 1213 1016 1278 effinxit
1037 1213 1109 1278 inde
1140 1211 1279 1300 λέγοιτο,
1299 1214 1425 1281 verbum
1447 1214 1502 1280 iti-

375 1328 444 1392 dem
466 1326 542 1392 bene
565 1326 723 1392 Graecum.
751 1327 802 1392 Sic
826 1327 934 1394 menda
963 1335 1138 1408 nascuntur,
1164 1335 1204 1410 et,
1228 1336 1264 1394 ut
1287 1329 1367 1417 apud
1388 1328 1502 1416 Vergi-

373 1439 451 1506 lium
473 1449 528 1527 est,
552 1447 690 1507 crescunt
710 1443 819 1508 eundo.
851 1442 894 1506 El
923 1441 1038 1508 bonum
1060 1444 1183 1522 factum,
1214 1445 1296 1531 quod
1326 1444 1360 1509 in
1393 1444 1501 1510 cetere

375 1555 461 1620 codd.
482 1555 575 1642 proba
592 1555 683 1621 lectio
702 1563 847 1644 superest,
867 1579 943 1643 quae
962 1557 1023 1623 nisi
1042 1558 1167 1637 adesset,
1186 1558 1212 1624 si
1224 1558 1292 1643 quis
1305 1558 1421 1625 ratione
1432 1564 1501 1624 ban-

374 1675 442 1734 tum
461 1669 571 1736 ductus
586 1668 714 1749 λέγοιτο
735 1670 769 1737 in
788 1669 920 1750 γελοίως
940 1678 1056 1737 mutare
1076 1694 1166 1738 ausus
1178 1681 1266 1753 esset,
1280 1674 1333 1758 qui
1349 1673 1501 1739 humeribus

373 1784 446 1849 facti
475 1790 582 1864 esseni,
615 1807 691 1871 quae
721 1785 858 1878 querelae
888 1786 925 1850 de
957 1792 1055 1873 spreta
1077 1786 1223 1852 ‘codicum
1251 1787 1439 1867 auctoritate,
1463 1787 1502 1853 de

373 1899 499 1964 audacia
517 1899 700 1977 criticorum,
725 1899 845 1983 quidvis
868 1921 922 1986 pro
945 1900 1052 1985 quovis
1076 1923 1113 1965 ex
1135 1901 1260 1968 arbitrio
1271 1901 1500 1990 reponenliuml

417 2011 499 2078 Leve
521 2017 576 2091 esi,
601 2011 683 2096 qnod
705 2011 1004 2082 animadvertendum
1027 2014 1065 2080 ad
1089 2041 1114 2080 ε.
1137 2019 1212 2081 445.
1230 2017 1362 2104 εὔχεται
1383 2015 1503 2104 (Odys-

373 2124 455 2214 seus)
488 2131 534 2210 τῷ
565 2130 702 2208 ποταμῷ
735 2126 778 2199 ὥς
812 2128 856 2190 άν
888 2129 1026 2192 ἑκάστου
1059 2127 1192 2215 ἔχοντος
1223 2128 1376 2213 δαίμονα.
1409 2132 1429 2193 ὁ
1463 2128 1500 2193 δὲ

373 2238 525 2328 (ποιητὴς
555 2238 758 2327 inserendum)
792 2241 847 2302 aul
882 2240 916 2306 ἐν
949 2246 1022 2315 ταῖς
1053 2248 1188 2328 κρήναις
1220 2237 1309 2311 οἶδεν
1341 2247 1435 2324 θεάς,
1460 2245 1501 2320 ἃς

372 2356 518 2439 Νιίμφας
550 2351 655 2418 καλεῖ.
677 2389 777 2402 ——-
798 2353 882 2417 οὕτω
913 2353 1150 2440 πεπληρῶσθαι
1189 2358 1292 2424 θείων
1327 2358 1499 2442 δυνάμεων

371 2469 514 2555 Ὅμηρος
541 2473 669 2550 ἡγεῖται
694 2472 816 2532 πάντα.
845 2469 1055 2550 hemensium,
1079 2471 1198 2538 utiam
1221 2473 1396 2559 significavi,
1420 2476 1439 2536 ὁ
1462 2471 1498 2536 δὲ

277 2585 284 2600 “
348 2591 519 2670 ποιητής.
551 2583 675 2650 Dicitur
705 2583 829 2669 quidem
860 2585 1031 2673 saepissime
1062 2577 1142 2666 οἶδε,
1176 2585 1262 2666 λέγει
1294 2593 1351 2653 eac.
1387 2588 1500 2652 omisso

370 2700 527 2785 Ὅμηρος,
552 2698 600 2765 vel
622 2700 641 2761 d
662 2701 812 2782 ποιητὴς,
839 2699 892 2764 sed
913 2705 980 2764 lum
1010 2722 1176 2784 numquam
1199 2701 1322 2766 additur
1343 2704 1370 2765 ό.
1398 2700 1500 2768 Voca-

369 2814 476 2879 bulum
499 2818 636 2898 ποιητὴς
659 2813 804 2878 excidisse
827 2813 1006 2878 facillimum
1028 2821 1084 2893 esi,
1106 2815 1280 2901 praesertim
1298 2816 1332 2879 in
1354 2797 1498 2893 TJunde

369 2927 426 2991 hoo
448 2928 583 2993 scholion
606 2927 724 2992 editum
748 2933 804 3005 est,
827 2949 923 3012 quum
947 2934 979 2992 el
1002 2927 1075 2993 alibi
1098 2931 1235 3012 ποιητὴς
1259 2928 1344 3011 „sola
1365 2927 1453 2993 libera
1472 2953 1498 2991 π

370 3062 439 3104 cum
457 3039 644 3105 semicirculo
666 3038 732 3128 (π)
753 3039 793 3104 sit
812 3040 957 3126 scriptum
977 3040 1011 3103 in
1026 3040 1086 3104 Τ.”
1101 3039 1256 3130 (Dindorf.
1269 3042 1347 3129 App.
1360 3064 1389 3128 p.
1406 3043 1445 3106 77
1450 3041 1497 3131 5.)

413 3153 453 3216 In
475 3152 633 3217 notissima
655 3152 805 3236 Odysseae
828 3157 922 3240 parba,
948 3175 1014 3217 eam
1034 3153 1102 3218 dico
1125 3154 1179 3220 ubi
1202 3156 1392 3221 Demodocus
1414 3155 1498 3219 canit

369 3264 406 3327 de
428 3263 576 3330 adulterio
599 3262 727 3328 Veneris
750 3287 819 3329 cum
841 3264 951 3344 Marte,

524 3382 558 3444 ub
580 3399 687 3445 venere
710 3383 811 3443 torum
835 3378 968 3444 coniunx
992 3385 1023 3444 ct
1045 3380 1163 3446 adulter
1184 3381 1218 3447 in
1240 3404 1345 3462 unum,
1410 3383 1413 3386 ’

522 3497 585 3560 arbe
606 3492 665 3558 viri
687 3492 864 3580 vinclisque,
888 3517 967 3562 nova
989 3495 1105 3562 ratione
1127 3497 1248 3585 paratis,

520 3611 555 3676 iri
575 3596 682 3676 modiis
706 3608 794 3676 ambo
818 3610 956 3699 deprensi
980 3611 1166 3700 amplexibus
1188 3612 1321 3692 haerent,

993 3728 1098 3818 (Ouid.
1122 3729 1199 3796 Mel.
1223 3728 1282 3794 IV.
1308 3733 1372 3794 182
1396 3730 1492 3817 seqq.)

366 3831 517 3906 Poseidon
538 3841 611 3907 haec
634 3841 711 3907 dicit
733 3841 772 3907 ad
793 3841 907 3908 iratum
930 3843 1092 3909 maritum:

369 3952 478 4021 λῦσον·
504 3957 569 4036 ἐγὼ
594 3955 629 4020 δέ
653 3981 705 4021 τοι
730 3956 830 4023 αὐτὸν
853 3957 1044 4042 ὑπίσχομαι,
1069 3958 1112 4032 ὥς
1136 3959 1177 4022 σιί
1197 3956 1337 4034 ιιελειίεις

368 4069 470 4136 τίσειν
495 4070 611 4154 αἴσιμα
635 4077 747 4138 πάντα
770 4078 840 4155 μετ’
864 4070 1064 4136 ἀθανάτοισι
1089 4078 1230 4154 θεοῖσιν,
1255 4072 1306 4164 (θ.
1322 4074 1494 4160 ΒάῚσοιμχ.)

365 4185 403 4250 ad
426 4208 502 4272 quae
524 4185 735 4273 Hephaeslus:

364 4305 406 4383 μή
430 4325 481 4383 με,
506 4299 694 4365 Ποσείδαον
719 4303 864 4385 γαιήοχε,
890 4300 996 4364 ταῦτα
1020 4299 1142 4367 κε’λειιε.
1158 4339 1184 4350 -
1213 4341 1258 4352 -
1348 4370 1350 4374 ,

366 4420 435 4490 πῶς
458 4417 501 4480 ἂν
527 4413 589 4494 ἐγὼ
615 4439 647 4480 σε
673 4413 777 4501 δέοιμι
802 4416 871 4499 μετ’
896 4413 1095 4483 ἀθανάτοισι
1120 4424 1259 4502 θεοῖσιν,

367 4527 396 4591 εί
420 4552 475 4594 κεν
499 4527 612 4616 ’Ἄρης
636 4530 760 4618 σ’ίχοιτσ
782 4528 873 4617 χρέος
896 4534 950 4595 καί
972 4529 1087 4619 δεσμὸν
1101 4529 1237 4613 άλιίξοιςς
1252 4532 1303 4624 (θ.
1317 4535 1380 4600 350
1393 4537 1490 4622 seqq.)

365 4642 451 4708 Haec
480 4645 587 4713 ultima
616 4646 660 4713 ila
689 4646 860 4734 paraphrasi
895 4649 1104 4740 exprimuntur
1135 4651 1167 4717 in
1200 4649 1270 4717 BH.
1306 4650 1382 4719 οίντί
1419 4653 1490 4732 τοῦ,
