3454 5330
848 645 913 708 104

321 829 496 898 dissensisse
527 830 676 897 videntur.
706 825 814 917 Itaque
845 831 871 896 ei
901 829 1082 916 Pherecydis
1105 832 1253 898 sententia
1275 831 1345 912 fuit,
1373 853 1443 897 eum

319 969 439 1014 caecum
469 967 533 1010 esse
555 946 678 1023 factum,
703 943 784 1030 quod
807 944 958 1010 Athenam
985 945 1019 1009 in
1041 944 1166 1011 flumine
1189 945 1319 1032 quodam
1340 946 1445 1012 lavan—
1548 937 1552 944 ’

318 1070 381 1129 tem
403 1059 601 1146 conspexerit,
621 1080 697 1144 quae
720 1057 873 1123 Dindorfii
895 1058 1067 1136 coniectura
1086 1059 1151 1126 sine
1180 1059 1273 1126 dubio
1296 1082 1366 1126 vera
1388 1066 1444 1139 eet,

318 1175 455 1263 sequitur
477 1173 611 1240 eiusdem
632 1192 695 1237 non
716 1195 779 1238 esse
801 1193 878 1258 quae
901 1171 1006 1238 statim
1029 1179 1098 1260 poet
1122 1172 1274 1238 dicuntur.
1298 1171 1445 1239 Eiusdem

318 1289 400 1357 enim
421 1285 602 1371 Pherecydis
624 1307 686 1351 non
709 1291 809 1372 potest
832 1307 897 1351 esse
920 1285 1039 1372 opinio:
1065 1291 1259 1370 πηρωθῆναι
1283 1286 1340 1352 τόν
1363 1291 1443 1350 Τει-

319 1401 430 1488 ρεσίαν
456 1399 569 1466 ι’όόντα
592 1402 651 1480 τὴν
682 1397 845 1481 Ἀθηνᾶν
874 1396 1057 1482 λουομένην
1082 1399 1117 1464 έν
1142 1404 1269 1484 τῷ....
1306 1400 1445 1487 (flumine

318 1512 464 1603 quodam)
494 1520 525 1580 et
554 1511 657 1578 statim
686 1519 770 1599 post:
795 1511 846 1576 όιό
878 1513 933 1575 καὶ
969 1519 1164 1598 πηρωθῆναι
1196 1513 1273 1579 ὑπὸ
1298 1514 1442 1598 Ἥρας.

318 1629 405 1702 Quae
434 1627 530 1714 igitur
556 1632 624 1714 post
654 1625 689 1690 έν
722 1630 766 1690 τῶ
798 1633 959 1692 narrantur
989 1627 1076 1706 alius,
1101 1665 1145 1676 -
1167 1627 1215 1694 vel
1239 1627 1376 1706 aliorum,
1399 1664 1424 1677 ·

317 1744 378 1810 fuit
407 1741 548 1820 senteuti,
579 1739 666 1805 cuius
696 1761 807 1807 nomen
837 1740 962 1806 fortasse
984 1740 1059 1806 latet
1085 1739 1189 1819 iniis,
1218 1763 1294 1826 quae
1317 1747 1385 1829 post
1407 1743 1444 1808 ἐν

318 1867 363 1942 τῷ
388 1855 555 1939 ,‚excidisse
577 1853 694 1920 videri”
718 1861 799 1920 recte
828 1854 948 1920 monuit
977 1854 1162 1920 Dindorfius.
1195 1853 1298 1921 Huius
1324 1855 1446 1940 mytho

317 1969 423 2058 graphi
452 1989 563 2034 nomen
593 1967 685 2033 fuisse
716 1967 850 2054 suspicor
878 1967 1074 2053 Ἀρίαιθος,
1100 1968 1185 2034 cuius
1209 1970 1248 2034 ad
1270 1975 1446 2058 sequentem

318 2105 438 2151 versum
466 2081 580 2147 mentio
603 2081 639 2146 fit
660 2081 693 2146 in
723 2089 826 2146 nostro
857 2081 974 2148 codice:
1000 2081 1184 2167 Ἀριαιθός
1207 2104 1304 2165 φησιν
1328 2081 1444 2168 Ἥραν

318 2193 623 2284 μεταβουλειλονσαν
658 2192 877 2284 (μεταβοόσαν
911 2191 953 2283 Τ)
994 2197 1050 2259 ἐπὶ
1081 2201 1126 2280 τῷ
1158 2199 1306 2280 πηρῶσαι
1342 2194 1444 2262 αὐτόν

319 2314 486 2376 αἰτεῖσθαι
518 2310 607 2394 παρὰ
637 2311 847 2393 Περσεφόνης
876 2306 957 2372 ὥστε
990 2301 1075 2373 εἶναι
1107 2307 1196 2393 αὐτῷ
1227 2309 1282 2373 καὶ
1309 2307 1445 2374 α’ποθα-

320 2429 412 2492 νόντι
437 2426 495 2504 τὴν
519 2427 696 2506 μαντικήν,
720 2443 796 2509 quae
818 2427 887 2509 post
904 2428 1043 2488 nostrum
1062 2422 1196 2488 scholion
1216 2423 1319 2490 statim
1338 2423 1446 2490 debere

319 2540 404 2628 sequi
426 2545 458 2604 et
479 2543 559 2604 arcte
582 2559 651 2602 cum
673 2560 708 2604 eo
731 2535 886 2602 cohaerere
908 2535 941 2601 in
967 2536 1067 2624 aprico
1090 2543 1145 2603 est.
1169 2537 1281 2623 Igitur,
1302 2538 1446 2622 quemad·

318 2655 443 2720 modum
462 2674 567 2741 supra:
590 2647 773 2734 Φερεκύδης
786 2651 876 2734 φησί,
890 2649 934 2716 sic
953 2672 1036 2716 nunc
1046 2650 1230 2735 Ἀρίαιθος
1243 2648 1278 2714 δὲ
1291 2651 1324 2716 in
1335 2652 1443 2719 lacuna

318 2776 387 2856 post
410 2770 444 2833 ἐν
476 2771 521 2850 τῷ
552 2765 758 2854 reponendum
786 2766 883 2831 credo.
909 2763 1001 2838 Quod
1023 2764 1051 2830 si
1073 2765 1123 2830 cui
1147 2765 1289 2831 audacius
1311 2765 1442 2844 videtur,

250 2921 253 2927 ·
317 2889 457 2969 reponat:
481 2876 578 2944 ἄλλοι
603 2877 651 2942 dt.
677 2878 758 2944 Mihi
781 2878 905 2965 perinde
928 2885 982 2944 est.
1007 2878 1068 2944 Sed
1090 2877 1165 2966 quid
1188 2878 1264 2944 dicit
1285 2877 1348 2945 sive
1371 2880 1442 2945 Ari·

317 2994 423 3060 aethus
453 2993 517 3059 sive
547 2991 623 3057 alius
654 2991 745 3077 quis?
777 2990 925 3058 Tiresiam
954 2989 1127 3076 παρθένον
1149 2991 1361 3077 ὑπάρχουσαν
1386 2995 1441 3055 καὶ

319 3110 534 3190 κορεσθεῖσαν
559 3103 620 3168 ont
645 3101 863 3180 ’Λπόλλωνος
887 3106 923 3169 εἰ
931 3128 947 3178 ς
974 3107 1018 3168 τό
1044 3105 1198 3170 καίεσθαι
1222 3102 1355 3188 μέλλειν
1379 3104 1441 3170 ont

319 3219 448 3304 Εὐήρον
469 3220 666 3302 τοῦπατρὸς
686 3218 731 3292 εἰς
750 3215 859 3303 ἄνδρα
877 3215 1126 3303 μεταβαλέσθαι
1147 3220 1261 3305 γνώμη
1282 3220 1338 3284 τοό
1351 3221 1442 3283 θεοῦ.

317 3335 396 3398 Ecce
414 3332 503 3420 paulo
523 3331 672 3396 diversam
691 3329 872 3396 sententiam
884 3330 921 3396 de
933 3330 1046 3418 duplici
1058 3330 1191 3398 Tiresiae
1201 3339 1318 3398 natura.
1331 3332 1444 3398 Narrat

317 3469 425 3534 nempe
447 3445 497 3512 hic
518 3451 629 3524 noster,
653 3444 789 3532 quisquis
820 3444 890 3523 fuit,
914 3444 1061 3511 Tiresiam
1092 3445 1130 3512 ab
1153 3444 1244 3512 initio
1266 3444 1359 3512 fuisse
1381 3444 1443 3512 vir-

319 3561 431 3648 ginem,
454 3567 485 3626 et
508 3565 675 3646 stupratam
707 3558 744 3625 ab
766 3558 917 3646 Apolline,
942 3582 1012 3626 nam
1042 3560 1101 3626 hoc
1130 3566 1177 3626 est
1200 3564 1357 3644 ιιορεόειν,
1383 3583 1443 3646 quo

318 3681 450 3741 utuntur
484 3674 659 3740 scholiastae
681 3696 735 3761 pro
759 3673 975 3758 θιανορεόειν,
1008 3673 1184 3760 βιάζεσθαι
1209 3673 1257 3740 vel
1280 3672 1441 3751 similibus,

317 3788 569 3875 quemadmodum
595 3787 707 3852 iterum
736 3793 782 3853 est
812 3787 850 3852 ad
881 3785 910 3851 λ.
944 3790 1017 3851 290.
1051 3790 1094 3874 (p.
1129 3791 1203 3853 500.
1234 3786 1256 3851 l.
1281 3785 1337 3870 15)
1359 3787 1441 3868 μετὰ

317 3903 389 3994 (τόν
421 3903 489 3981 ins„
521 3926 538 3966 a
568 3901 756 3989 praecedenti
786 3901 898 3986 syllaba
929 3899 1021 3990 (-τα)
1055 3899 1255 3989 absorptum.)
1290 3905 1439 3967 θάνατον

317 4014 516 4099 Σαλμονέιος
548 4015 644 4100 Τυρὼ
683 4013 879 4098 κομιζομένη
910 4015 998 4098 παρὰ
1031 4016 1149 4098 Δηλονι
1182 4021 1227 4100 τῷ
1259 4015 1342 4099 θείῳ
1380 4040 1441 4080 ιιο-

316 4133 487 4214 ρεόεται
520 4127 581 4193 ὑπὸ
612 4125 833 4202 Ποσειδῶνος.
865 4126 967 4212 Igitur
995 4127 1094 4214 pergit
1125 4149 1253 4206 narrare,
1281 4128 1440 4215 virginem,

319 4243 356 4308 ub
378 4242 519 4329 Apolline
541 4247 716 4328 stupratam,
746 4241 788 4304 ἐν
814 4264 867 4324 τῳ
891 4238 1045 4304 καίεσθαι
1069 4239 1200 4324 μέλλειν
1224 4241 1287 4305 ὑπό
1311 4241 1440 4327 Εὗήρον

315 4359 372 4420 τοῦ
408 4358 529 4440 πατρὸς
566 4355 626 4426 εἷς
659 4352 789 4436 ἄνδρα
830 4351 1190 4438 μεταβάλλεσθαι
1233 4356 1346 4440 γνώμη
1382 4361 1438 4420 τοῦ

313 4470 406 4547 θεοῦ,
431 4468 463 4533 id
485 4473 547 4533 est:
572 4465 730 4552 virginem,
747 4488 841 4552 quum
864 4469 1019 4553 propterea
1040 4491 1058 4531 a
1080 4473 1164 4554 patre
1186 4467 1340 4553 inignem
1359 4476 1439 4534 esset

315 4579 459 4659 coniecta,
476 4579 627 4670 Apollinis
651 4579 775 4648 consilio
798 4587 944 4648 mutatam
963 4603 1028 4647 esse
1047 4582 1080 4648 in
1099 4580 1207 4650 virum.
1232 4581 1372 4648 Fortasse
1403 4583 1437 4649 in
