3454 5330
806 699 847 759 91

268 881 383 943 ἑαυτοῦ
416 877 544 962 πατέρα
575 876 878 960 παραλογισάμενος
909 880 967 953 τός
992 885 1118 962 νόμφας
1141 875 1319 964 μετέβαλεν
1344 883 1388 954 εἷς

264 997 414 1076 ἄρκτους,
446 991 544 1065 αὐτός
576 990 611 1055 δὲ
637 993 681 1065 εἷς
708 991 873 1074 δράκοντα
895 991 1094 1078 μετεβλήθη.
1120 985 1191 1058 εἶτα
1215 999 1270 1073 τῆς
1294 995 1387 1078 βασι-

266 1105 353 1182 λείας
383 1104 644 1191 ἀπολαβόμενος
675 1113 723 1188 τῇ
754 1108 895 1190 ἄρκτῳ
924 1105 1179 1189 ἀνεστήριξε
1204 1109 1307 1189 φημί
1330 1108 1387 1180 τός

266 1225 391 1302 νύμφας
425 1221 480 1283 καὶ
513 1223 661 1283 ἑαυτὸν·
681 1219 724 1282 Et
747 1225 845 1284 cetera
867 1219 989 1305 quidem
1016 1220 1105 1306 plana
1127 1226 1253 1285 suntet
1275 1220 1388 1306 perspi-

264 1355 329 1411 cua,
352 1333 404 1397 scd
427 1332 502 1417 qnid
523 1337 586 1396 est:
611 1339 660 1414 τῇ
683 1335 825 1415 ἄρκτῳ
848 1332 1104 1419 α’νεστηριξε
1130 1336 1210 1416 φημί
1234 1335 1293 1408 τὰς
1313 1338 1390 1415 νόμ-

264 1471 325 1528 φας
358 1448 413 1510 καὶ
445 1445 589 1510 incede?
622 1443 770 1530 Corrupta
798 1444 870 1510 haec
893 1435 1077 1533 esse‘palam
1100 1454 1155 1524 est,
1180 1446 1277 1513 etita
1299 1447 1389 1512 etiam

264 1559 394 1625 editores
425 1559 514 1625 embc
548 1557 766 1624 iudicaverunt.
809 1558 1015 1625 Buttmannus
1058 1558 1266 1644 κατηστέρισε
1309 1565 1388 1643 φασί

265 1673 425 1738 rescribere
446 1671 575 1746 volebat.
599 1670 745 1758 probante
766 1671 935 1738 Dindorfio.
956 1673 1004 1736 Ex
1026 1673 1074 1738 bis
1095 1671 1303 1756 κατηστίρισε
1322 1696 1390 1758 gra-

264 1793 314 1851 tus
336 1786 460 1872 arripio,
484 1786 536 1850 sed
559 1807 598 1849 nc
621 1784 666 1849 sic
688 1784 810 1870 quidem
833 1784 934 1850 omnia
953 1793 1110 1872 persanata
1130 1792 1212 1864 snut,
1231 1787 1389 1871 namquid

265 1906 326 1964 est:
351 1907 398 1982 τῇ
419 1901 561 1982 ἄρκτῳ
586 1895 795 1981 κατηστέρισε
818 1935 917 1946 -——
939 1900 998 1974 τὰς
1019 1903 1146 1981 νύμφας
1167 1901 1222 1964 καί
1243 1900 1386 1964 revera?

264 2011 395 2078 Meliora*
425 2011 510 2077 dabit
532 2012 598 2076 cod.
624 2010 666 2088 H,
698 2010 751 2094 qui
774 2033 836 2076 non
858 2020 899 2095 τῇ
920 2015 1032 2097 ἄρκτῳ
1055 2012 1146 2078 habet
1169 2013 1237 2080 red:
1263 2017 1298 2078 τό
1323 1990 1386 2120 σξη

265 2127 366 2212 „quod
394 2129 430 2189 τό
462 2130 550 2209 σχεῖν
582 2124 658 2210 legit
685 2122 827 2188 Oramer''
852 2123 946 2213 (App.
971 2150 999 2213 p.
1025 2128 1096 2214 arv)
1121 2150 1175 2214 prc
1197 2151 1252 2194 sna
1273 2129 1389 2194 scilicet

265 2238 508 2326 palaeographiae
537 2237 654 2324 peritia.
689 2237 750 2302 Sed
779 2237 952 2323 quicunque
982 2263 1019 2306 ex
1041 2240 1157 2318 Bastia,
1181 2240 1299 2307 Ocnum.
1322 2242 1386 2308 Pal.

264 2377 293 2440 p.
318 2357 383 2416 822
406 2352 529 2416 didicit:
564 2358 704 2435 ,σχῆμα
731 2352 828 2433 ῥῆμα,
855 2359 960 2435 χρῆμα
982 2359 1040 2418 cte.
1064 2353 1274 2440 compendiose
1296 2354 1387 2419 scribi

266 2487 351 2552 posse
373 2465 465 2530 etiam
488 2457 540 2542 sic,
562 2471 598 2531 ut
620 2464 734 2550 syllaba
754 2489 800 2545 μα
824 2466 984 2532 omittatur
1005 2473 1037 2531 et
1057 2466 1160 2532 littera
1181 2472 1200 2547 ἢ
1224 2468 1386 2552 superscri-
1455 2475 1458 2484 ⁴

264 2579 384 2657 batrrr,”
419 2578 535 2645 videbit
568 2579 602 2645 in
635 2602 671 2645 eo
709 2555 745 2682 οἷ
776 2577 869 2644 latere
901 2587 1018 2664 σχῆμα,
1055 2602 1116 2644 non
1147 2584 1249 2664 σχεῖν.
1285 2579 1386 2643 Locus

265 2693 365 2778 igitur
389 2693 433 2760 sic
462 2694 691 2760 constituendus
713 2693 851 2758 videtur:
881 2685 951 2756 εἶτα
975 2697 1031 2773 τῆς
1055 2690 1224 2776 βασιλείας
1248 2689 1384 2756 α’ντιλα-

263 2809 398 2892 βόμενος
419 2807 462 2871 τό
483 2814 617 2891 σχῆμα
638 2805 936 2890 κατηστέρισε,
961 2804 1385 2891 (λοῐό.φτθεεὶαεαόσοόίοαιο

262 2920 403 3006 vestigia:
440 2919 679 3010 κατηστέριξε),
712 2922 816 3003 φημί
852 2921 911 2992 τὰς
943 2920 1069 3000 νόμφας
1101 2919 1155 2981 καί
1187 2921 1320 2997 ἑαυτόν,
1352 2919 1385 2982 in

263 3032 373 3117 quibus
407 3035 487 3116 φημί
521 3055 674 3120 perperam
707 3033 740 3097 in
768 3034 848 3113 φασί
879 3030 1017 3096 mutabat
1046 3030 1263 3109 Buttmennus‚
1289 3054 1383 3116 quum

262 3147 411 3232 significet
433 3147 592 3233 „nempe”
617 3146 671 3228 „id
689 3146 767 3224 cst,”
793 3144 1023 3228 ,,τοοτε’στιν,”
1043 3146 1295 3231 quemadmodum
1314 3169 1343 3212 r.
1357 3169 1383 3213 c.
1509 3160 1513 3166 '

262 3283 290 3346 p.
318 3262 390 3326 ⁷02.
421 3260 442 3324 l.
468 3263 488 3325 3
518 3260 646 3346 legitur:
678 3264 739 3340 τὴν
773 3258 965 3343 Ἀόρόιστοο
995 3257 1180 3343 θυγατέρα,
1206 3257 1249 3323 λε’
1258 3284 1313 3337 μω
1336 3257 1382 3339 δὴ

261 3371 513 3455 Ἱπποδάμειαν.

303 3488 353 3552 Ad
373 3512 399 3551 ε.
422 3491 488 3551 422
506 3492 661 3552 narratur:
683 3487 883 3569 Ἀμφιτρίτη
903 3484 1032 3562 λέγεται
1045 3491 1065 3566 η
1077 3484 1242 3550 θάλασσα.
1256 3482 1382 3567 α’όελφὰ

260 3602 321 3683 γὰρ
345 3602 405 3664 εἶσι
430 3601 652 3684 τὰστοιχεῖα,
677 3602 695 3663 ό
717 3597 904 3675 Ποσειδῶν,
930 3601 948 3661 ό
970 3598 1064 3675 Ζεός,
1082 3582 1146 3661 Ικαὶ
1170 3594 1380 3661 όΠλοιίτοιν.

163 3758 166 3764 -
260 3722 304 3797 τῷ
335 3715 395 3794 μὲν
427 3715 489 3776 Διί·
512 3710 629 3796 ἔλαχεν
662 3717 683 3792 η’
715 3710 808 3794 τρίτη
830 3715 942 3792 μοῖρα,
968 3714 1070 3791 ἤγονν
1095 3711 1135 3773 τὰ
1160 3708 1310 3792 οὐρανία,
1336 3717 1381 3772 τώ

261 3825 295 3889 δὲ
320 3823 505 3890 Ποσειδῶνι
529 3826 680 3897 ώσαιίτως
701 3830 721 3905 ἡ
741 3820 907 3900 θάλασσα,
930 3827 974 3904 τῷ
995 3819 1383 3894 όὲΠλοιίτωνιώσαιίτως

260 3943 281 4020 ἡ
314 3941 420 4022 τρίτη,
456 3942 556 4018 ἤγουν
596 3941 637 4001 τό
672 3941 896 4022 καταχθόνια,
928 3942 948 4017 ἠ
978 3942 1018 4016 μῆ
1051 3934 1086 3998 δὲ
1120 3935 1187 3998 ἐστι
1221 3936 1380 3999 καὶτῶν

259 4060 371 4136 τριῶν.
404 4051 478 4116 Non
509 4051 621 4116 multos
652 4050 715 4116 vidi
738 4051 820 4117 locos
843 4049 897 4114 ubi
922 4050 977 4112 καί
1001 4054 1033 4112 ct
1054 4047 1258 4134 importunius
1280 4053 1312 4113 et
1333 4048 1390 4112 in-¹

258 4165 357 4251 aptius
379 4164 555 4242 abundaret,
587 4186 643 4230 nec
664 4164 773 4230 dubito
796 4166 871 4249 quin
893 4163 1088 4249 depravatum
1111 4160 1152 4225 sit
1173 4183 1211 4226 ex
1234 4164 1379 4225 κοινόν

258 4278 302 4342 sic
330 4276 441 4363 scripto
472 4301 579 4354 κοιν,
610 4299 681 4342 nam
711 4277 871 4364 respicitur
892 4277 930 4341 Il.
958 4276 997 4340 Ο.
1023 4278 1086 4340 190
1110 4295 1205 4358 seqq„
1229 4273 1283 4339 ubi
1305 4273 1381 4338 dicit

257 4391 437 4476 Neptunus:
508 4415 514 4426 ·

365 4505 436 4581 ἤτοι
462 4500 546 4578 ε’μὼν
571 4498 691 4585 ἔλαχον
716 4501 835 4584 πολιὴν
859 4501 925 4567 όίλα
950 4497 1084 4581 ναιέμεν
1107 4502 1172 4563 aiei

366 4611 593 4698 παλλομένων,
620 4611 744 4698 Ἀίδης
769 4613 800 4678 δ’
824 4613 920 4700 ἔλαχε
946 4612 1046 4696 ζόφον
1070 4615 1237 4697 ἠερόεντα,
