3454 5330
884 668 948 730 106

347 857 381 921 in
423 853 532 942 quibus
563 853 662 920 verbis
704 853 814 920 desum
847 853 970 938 quidem
1003 852 1157 930 nonnulle,
1192 853 1244 918 sed
1277 851 1355 916 nihil
1389 850 1472 935 quod

349 969 557 1057 perspicuitati
578 967 637 1033 loci
659 989 838 1054 magnopere
860 968 976 1032 officere
998 966 1102 1053 possit.

393 1084 436 1148 nt
458 1083 557 1148 sicin
579 1081 748 1169 praesentia
769 1081 817 1146 his
839 1081 877 1146 ed
899 1079 1012 1146 scholia
1042 1081 1075 1146 in
1098 1081 1264 1165 Odysseem
1287 1079 1471 1145 ohservatio-

349 1197 440 1262 nibus
469 1195 583 1262 criticis
613 1197 703 1260 finem
734 1195 933 1282 imponamus,
964 1215 1027 1260 non
1049 1194 1131 1279 quod
1153 1191 1230 1258 mihi
1253 1193 1372 1269 desunt,
1395 1213 1472 1278 quae

350 1315 478 1389 afferam,
514 1332 584 1376 nam
617 1309 714 1374 multo
747 1307 842 1396 plura,
877 1331 967 1393 quam
1000 1330 1076 1394 quse
1104 1306 1240 1395 apposui,
1271 1305 1305 1370 in
1338 1306 1473 1390 margine

349 1424 526 1512 exemplaris
559 1425 619 1489 mei
649 1424 838 1501 delitescunt,
872 1422 968 1488 multa
1001 1424 1092 1488 etiem
1126 1427 1207 1498 sunt,
1240 1419 1295 1484 ubi
1328 1419 1365 1484 de
1395 1419 1472 1484 vitio

350 1538 474 1624 eiusque
497 1539 567 1603 sede
596 1537 677 1625 apud
698 1559 746 1602 me
769 1543 895 1614 constat,
920 1537 972 1602 sed
1001 1535 1056 1600 ubi
1086 1534 1222 1599 nondum
1245 1532 1374 1618 contigit
1396 1531 1473 1596 mihi

351 1651 488 1738 reperire,
512 1652 602 1739 quod,
625 1673 679 1739 pro
703 1650 850 1738 scriptura
872 1649 937 1716 sine
959 1648 1161 1715 controversia
1182 1646 1301 1724 vitiosa,
1314 1652 1350 1710 ut
1368 1667 1473 1711 verum

350 1772 382 1830 et
410 1765 576 1851 genuinm
610 1787 792 1853 reponerem.
831 1765 891 1830 Sed
922 1786 1040 1852 pressus
1074 1762 1219 1849 temporis
1250 1759 1408 1846 angustiis,
1442 1764 1474 1823 ct

350 1879 477 1944 docendi
508 1902 631 1945 munere
661 1878 787 1965 aliisque
817 1877 1063 1966 occupationibus
1086 1877 1253 1953 districtus,
1283 1873 1376 1939 malni
1401 1872 1475 1937 11111

351 1993 452 2058 omnia
469 1993 503 2058 in
525 1993 606 2058 aliud
626 1998 744 2078 tempus
767 1992 897 2069 reiicere,
917 1992 981 2070 ubi,
1002 2029 1046 2040 —
1066 1991 1168 2076 idque,
1189 1991 1215 2055 si
1235 1989 1309 2076 quid
1328 1991 1476 2053 1111111111

352 2107 462 2184 valent,
482 2128 553 2172 mox
571 2107 633 2183 fiet,
656 2142 702 2154 —-
729 2105 915 2171 intermissae
932 2105 1010 2170 telae
1028 2105 1222 2171 resumendae
1249 2101 1325 2174 mihi
1354 2099 1478 2166 dubitur

352 2220 476 2286 occasio.
496 2219 615 2285 Addam
633 2242 724 2298 nunc,
746 2219 858 2306 epilogi
874 2219 979 2297 instar,
991 2243 1028 2285 ex
1040 2219 1197 2308 permultis
1208 2241 1299 2284 11111111
1310 2223 1342 2282 11
1352 2217 1477 2281 alteram

353 2334 605 2412 observationem,¹
620 2334 657 2399 od
677 2332 789 2400 scholia
799 2333 882 2411 talia,
896 2355 1023 2420 quorum
1034 2339 1136 2400 textus
1150 2334 1267 2418 integer
1279 2336 1325 2396 est
1335 2336 1367 2394 et
1377 2330 1478 2394 incor-

351 2454 459 2535 ruptus
477 2449 530 2517 sed
547 2448 580 2514 in
592 2447 703 2533 quibus
719 2447 951 2534 interpretandis
963 2454 994 2513 et
1012 2448 1050 2513 ed
1061 2447 1189 2512 Homeri
1200 2467 1304 2512 versus
1314 2442 1478 2509 referendis

355 2583 424 2627 cum
454 2561 613 2627 Diodorfio
642 2563 738 2628 facere
768 2583 830 2627 non
862 2583 992 2648 possum
1025 2561 1086 2626 Sed
1115 2561 1199 2647 prius
1230 2581 1377 2646 apponam
1400 2580 1476 2642 quse

352 2678 424 2743 olim
455 2702 472 2743 1
498 2677 623 2755 (lebete,
646 2700 676 2742 v.
700 2677 736 2742 cl.
760 2677 794 2742 in
823 2676 922 2742 Praei.
952 2677 991 2741 ad
1018 2675 1153 2741 Plutonis
1183 2674 1299 2740 Oorniei
1321 2672 1477 2759 Reliquias

351 2792 442 2869 dicta,
473 2798 535 2856 tam
564 2791 720 2880 perspicue
748 2797 779 2856 et
800 2791 902 2856 vivide
932 2791 1114 2877 exprimunt,
1137 2789 1224 2875 quale
1254 2787 1413 2854 eonsilium
1442 2787 1476 2852 in

353 2904 411 2970 hoc
439 2906 584 2992 opusculo
614 2905 820 2970 concinnando
852 2910 972 2972 secutus
1003 2904 1071 2980 sim,
1102 2909 1138 2969 ut
1168 2901 1233 2968 eius
1256 2900 1364 2978 verbis,
1387 2923 1478 2987 qnam

354 3018 439 3095 meis,
470 3018 504 3082 id
534 3019 703 3103 significare
734 3019 853 3083 malim:
887 3017 972 3100 „Ubi
1003 3016 1242 3082 dissentiendum
1272 3015 1477 3092 1111111111,

351 3153 481 3216 quorum
503 3129 703 3196 eruditionem
726 3137 758 3195 11
780 3153 905 3196 acumen
935 3129 1038 3214 magni
1060 3129 1148 3204 facio,
1179 3129 1311 3215 (idque
1333 3126 1480 3215 saepis-

354 3245 452 3308 sime
489 3245 639 3311 fectum
680 3248 760 3319 est,
793 3243 888 3327 quie
929 3265 1006 3307 non
1041 3240 1248 3308 attinebat
1282 3263 1480 3329 apponere

356 3378 455 3440 quae
478 3354 551 3421 alii
575 3354 722 3421 dudum
744 3361 857 3420 recte
878 3355 1117 3440 vidissent‚)
1149 3361 1273 3420 conatus
1297 3377 1364 3421 sum
1388 3355 1480 3420 ratio·

355 3493 408 3536 nes
431 3492 486 3534 cur
506 3468 706 3547 dissentirem,
729 3469 864 3536 modeste
895 3476 926 3534 11
957 3491 1041 3534 cum
1071 3469 1249 3535 lenitate
1271 3467 1479 3534 verborum

357 3584 532 3670 significare.
564 3583 672 3668 Itaque
695 3581 721 3648 si
745 3583 820 3668 quid
843 3584 921 3648 forte
943 3582 1155 3649 inclementius
1179 3581 1294 3646 dictum
1317 3581 1412 3668 possit
1433 3581 1480 3646 vi-

356 3697 430 3774 deri,
450 3733 495 3744 —
517 3735 562 3746 -
583 3697 699 3762 fervore
722 3697 829 3762 aetatis
848 3697 962 3764 excidit
986 3695 1204 3784 imprudenti.'’
1231 3694 1316 3767 Quae
1334 3694 1425 3760 verba
1442 3716 1480 3758 111

356 3810 450 3875 ammi
468 3809 616 3876 sententia
635 3833 701 3876 mea
723 3809 808 3874 facio.

401 4037 420 4120 1
453 4038 482 4100 7.
517 4035 557 4098 In
590 4034 647 4099 hoc
676 4034 870 4122 paragrapho,
900 4040 936 4098 ut
969 4034 1060 4099 modo
1087 4034 1270 4120 significavi,
1301 4030 1481 4100 1111111111-

356 4147 427 4213 rabo
459 4147 580 4216 Scholia
609 4148 765 4234 quaedem,
797 4147 926 4212 maxime
955 4146 993 4211 ed
1024 4148 1170 4216 athetescs
1200 4147 1373 4233 spectantia,
1405 4169 1481 4233 quac

356 4260 431 4324 mihi
458 4260 601 4326 videntur
630 4260 667 4326 ab
697 4259 864 4326 editoribus
895 4281 957 4325 non
988 4260 1025 4325 ed
1055 4283 1124 4326 eum
1151 4282 1270 4326 versum
1292 4260 1341 4326 vel
1370 4260 1480 4326 111111

357 4394 459 4436 versus
482 4372 609 4438 Homeri
632 4396 696 4439 esse
718 4372 863 4460 apposite,
887 4373 998 4457 quibus
1030 4373 1187 4440 adhaerere
1210 4373 1321 4438 debent
1351 4373 1378 4437 si
1401 4378 1482 4438 recte

356 4484 487 4570 intelligi
499 4491 530 4549 et
541 4485 579 4549 ad
591 4485 682 4554 crisio
694 4486 886 4552 Homericam
902 4509 972 4550 cum
984 4488 1087 4552 fructu
1097 4486 1235 4552 adhiberi
1247 4487 1362 4551 volunt.
1375 4484 1482 4550 Potest

358 4604 459 4667 autem
491 4599 631 4670 facillime
661 4601 726 4668 fieri
756 4606 793 4670 ut
823 4599 957 4670 scholion
988 4600 1139 4689 quoddam
1168 4600 1258 4686 longe
1282 4599 1362 4668 absit
1384 4597 1421 4664 ab
1445 4620 1481 4668 cc
