3454 5330
841 661 880 724 78

297 851 329 911 ct
352 846 421 911 ἐπεὶ
446 849 546 928 φάγες
566 883 610 894 -
630 844 721 930 κρέα.
746 846 884 934 Respicit
906 847 979 912 haec
1002 847 1040 911 de
1061 846 1143 912 varia
1165 847 1197 912 vi
1219 869 1253 912 ac
1276 852 1423 934 potestate

297 959 457 1032 verborum
486 957 649 1045 ἀνδρόμεα
681 959 759 1044 κρέα
790 958 958 1027 observatio
989 959 1124 1026 scholion
1147 961 1235 1046 paulo
1260 967 1338 1039 ante,
1364 963 1421 1046 (vs.

299 1072 378 1161 297)
403 1075 545 1162 positum,
568 1072 622 1141 nbi
652 1075 690 1138 de
720 1074 828 1140 iisdem
851 1075 951 1140 verbis
973 1072 1137 1159 ἀνδρόμεα
1169 1071 1249 1159 κρέα
1272 1080 1421 1154 monetur,

296 1192 415 1275 politam
444 1211 480 1254 ea
511 1189 717 1271 ἐμφαντικῶς
746 1188 867 1254 dixisse.
902 1190 946 1262 εἷς
971 1187 1126 1272 ἔμφασιν,
1151 1194 1188 1252 ut
1206 1187 1251 1253 ibi
1274 1195 1329 1266 est,
1352 1195 1422 1263 τοῖς

296 1307 535 1386 παρατατικοῖς
559 1300 727 1387 κέχρηται.
746 1341 847 1352 --
865 1305 969 1367 καὶτὸ
999 1300 1206 1387 ,,α’νιλρὸμεα”
1230 1301 1341 1386 μεῖζον
1365 1305 1421 1366 τοῦ

296 1414 492 1497 ἀνθρώπεια
511 1417 566 1479 καί
587 1419 635 1495 τὸ,
659 1416 789 1498 ,,κεῖτο”
811 1417 1028 1499 ἐμφαντικῶς.
1051 1416 1121 1482 Hoc
1132 1418 1228 1503 igitur
1241 1419 1302 1484 iam
1312 1415 1423 1481 lucrai

296 1551 408 1606 sumus,
439 1535 475 1593 ut
503 1530 642 1608 sciamus,
671 1530 780 1596 ultima
803 1531 893 1597 verba
924 1531 1030 1596 scholii
1054 1554 1097 1597 vs.
1124 1535 1187 1596 345
1210 1555 1272 1598 non
1294 1531 1422 1618 amplius

294 1643 332 1707 ad
363 1644 589 1730 praecedentem
621 1645 802 1711 sententiam
834 1646 993 1732 pertinere,
1034 1646 1087 1711 aad
1117 1669 1182 1712 esse
1216 1645 1277 1710 duo
1311 1645 1422 1710 scholia

294 1758 428 1836 confusa,
467 1781 596 1844 quorum
634 1760 718 1845 prius
756 1759 878 1828 finitum
915 1761 1032 1827 verbis:
1064 1759 1244 1840 πλανήσειν
1277 1757 1421 1842 ἔμελλεν,

295 1893 415 1936 versum
438 1876 501 1938 345
526 1874 658 1961 respicit,
679 1874 838 1959 posterius,
863 1874 907 1940 ita
930 1874 1094 1962 incipiens:
1120 1873 1178 1960 οὐχ
1203 1875 1246 1948 ὡς
1270 1877 1421 1957 πρόσκει-

296 2007 362 2069 ται,
394 2007 437 2050 vs.
471 1988 545 2065 347,
576 1988 627 2052 sed
659 1988 702 2053 ita
725 1987 933 2053 scribendum:
969 1987 1027 2073 οὐχ
1051 1988 1094 2062 ὥς
1114 1990 1321 2073 πρόκειται,
1346 1985 1420 2051 ἀλλ’

296 2095 408 2172 ἁπλῶς
433 2095 507 2180 ἔφη,
532 2099 566 2164 id
589 2107 650 2166 est:
674 2100 765 2166 verba
789 2102 857 2166 ἐπεὶ
882 2106 981 2183 φάγες
1004 2099 1170 2186 α’νδρόμεα
1194 2099 1285 2186 κρέα,
1306 2123 1368 2167 non
1387 2107 1423 2166 ut

298 2217 385 2276 antea
416 2212 622 2294 ἐμφαντικῶς
654 2214 752 2301 posita
781 2220 862 2293 sunt,
895 2215 948 2280 sed
979 2215 1023 2280 sic
1054 2215 1240 2303 simpliciter,
1273 2215 1338 2280 sine
1360 2215 1422 2280 ulla

296 2324 466 2404 acerbitate,
495 2309 584 2413 plane
611 2327 703 2392 utin
726 2328 839 2393 scholio
862 2350 900 2393 ex
923 2328 962 2401 Q.
996 2329 1057 2394 Sed
1080 2330 1155 2415 quid
1186 2333 1233 2395 est
1262 2329 1422 2395 obscurum

296 2439 373 2504 illud
393 2441 460 2504 ἐπι
471 2466 493 2524 φ
504 2441 600 2506 ανεί
610 2441 648 2516 r?
667 2441 739 2508 Meo
758 2443 881 2528 quidem
900 2443 1014 2508 iudicio
1033 2443 1113 2509 nihil
1130 2444 1191 2508 nisi
1202 2444 1422 2532 lemmaposte-

296 2552 384 2618 rionis
404 2553 519 2634 scholii,
544 2554 576 2620 id
599 2563 654 2636 est,
677 2556 768 2622 verba
788 2558 880 2621 ἐπεὶ
905 2563 1046 2642 φάγες.
1080 2556 1195 2638 Versus
1218 2555 1336 2643 integer
1358 2562 1419 2620 est:

371 2667 532 2754 Κιίκλωφ,
558 2674 610 2750 τῆ,
636 2670 690 2735 πίε
716 2665 822 2750 οἶνον,
848 2672 917 2736 ἐπεὶ
943 2676 1042 2755 φάγες
1065 2669 1229 2756 ἀνδρόμεα
1253 2669 1344 2756 κρέα.

297 2779 399 2846 Codex
430 2782 597 2854 Qscholio
621 2784 658 2850 ad
688 2784 770 2849 hunc
798 2785 898 2851 locum
929 2785 1073 2872 praefecit
1095 2785 1202 2852 verba:
1235 2785 1288 2849 πίε
1314 2775 1419 2862 οἶνον,

292 2895 361 2959 cod.
393 2896 419 2959 Τ
452 2894 557 2962 verba:
591 2897 659 2961 ἐπεὶ
692 2903 803 2980 φάγες.
835 2899 1028 2987 corruptelae
1050 2923 1153 2966 causas
1177 2898 1333 2976 adducere,
1359 2899 1420 2965 fere

296 3029 547 3094 supervacaneum
577 3017 639 3074 cst:
672 3033 725 3097 pro
757 3012 900 3092 ἐπιλέγει
931 3037 960 3102 p.
996 3019 1047 3092 55,
1081 3017 1121 3078 20
1154 3014 1186 3078 in
1217 3013 1244 3076 Τ
1276 3019 1322 3078 est
1350 3013 1418 3075 ἐπεὶ

295 3119 394 3205 λέγει,
427 3120 520 3211 (App.
544 3145 572 3208 p.
600 3123 689 3212 738),
713 3127 820 3211 etqui
842 3127 918 3192 scire
940 3128 1034 3213 cupit,
1067 3127 1185 3212 quoties
1210 3152 1228 3191 c
1253 3133 1283 3191 et
1306 3151 1326 3204 γ
1350 3147 1419 3190 con-

295 3235 471 3314 fundantur,
502 3236 589 3300 adeat
618 3235 702 3302 Bast.
734 3237 851 3306 Ocmm.
880 3239 1033 3326 Palaeogr.
1066 3263 1095 3326 p.
1130 3242 1192 3304 710
1223 3248 1254 3305 et
1285 3263 1314 3326 p.
1346 3241 1418 3303 727.

296 3349 421 3434 Siquis
451 3355 552 3414 autem
582 3357 684 3415 nostra
715 3352 837 3430 scholia,
871 3353 915 3418 sic
941 3354 1068 3440 scripta:
1102 3377 1145 3419 vs.
1172 3357 1246 3418 345.
1272 3356 1327 3416 καὶ
1353 3355 1418 3416 τότ’

296 3462 360 3542 ἐγὼ
390 3461 588 3550 Κύκλωπα]
624 3465 683 3549 ὅρα
707 3469 766 3546 τὴν
797 3465 984 3550 εὐτολμίαν.
1012 3474 1049 3539 οὐ
1073 3471 1134 3554 γὰρ
1157 3471 1259 3550 μόνον
1284 3468 1320 3531 τὸ
1346 3492 1419 3532 κιν-
1506 3444 1510 3452 ⁴

297 3576 544 3644 δννωδέστατον
584 3580 669 3664 ὁρῶν
716 3583 782 3646 τῶν
821 3583 959 3667 ἑταίρων
995 3583 1031 3648 οὐ
1065 3583 1203 3669 φρίττει,
1229 3579 1329 3644 ἀ’λλά
1364 3582 1419 3644 καὶ

296 3691 435 3777 πλησίον
460 3692 672 3780 προσέρχεται
698 3698 752 3760 καί
778 3695 990 3776 διαλέγεσθαι
1016 3697 1132 3783 τολμᾷ,
1157 3698 1202 3785 (ἃ)
1229 3695 1330 3762 αὐτὸν
1355 3693 1419 3758 α’πὸ

296 3810 401 3891 πάσης
425 3807 602 3883 ἐπιθέσεως
634 3807 815 3892 πλανήσειν
847 3810 991 3896 ἔμελλεν,
1016 3818 1047 3876 et
1069 3835 1112 3876 vs.
1138 3813 1212 3876 347.
1238 3810 1328 3874 ἐπεὶ
1354 3813 1419 3891 φά-

297 3925 395 4008 γες]
430 3921 487 4008 οὐχ
520 3925 563 3998 ὡς
594 3929 834 4009 πρόκειται,
866 3923 941 3988 αλλ’
972 3922 1085 3997 ἁπλῶς
1117 3923 1191 4007 ἔφη,
1217 3961 1261 3971 -
1292 3923 1419 4009 siquis,

296 4036 430 4122 inquam,
466 4038 539 4103 haec
569 4047 719 4125 comparat
750 4063 820 4104 cum
850 4040 898 4119 iis,
931 4061 1007 4122 quac
1036 4063 1074 4105 cx
1096 4038 1186 4104 editis
1210 4037 1418 4124 supraposui,

297 4151 489 4217 confitebitur
511 4153 636 4218 fortasse
659 4176 693 4218 ea
716 4176 780 4219 esse
803 4153 926 4241 paulum
949 4153 1138 4220 dilucidiora.
1171 4153 1213 4218 nt
1232 4153 1277 4218 sic
1297 4151 1420 4216 tandem

297 4265 334 4330 ad
357 4265 451 4330 alium
473 4265 586 4330 librum
608 4273 803 4333 transcamus.

342 4376 372 4442 λ.
401 4383 466 4444 134
499 4385 638 4446 narratur
660 4382 693 4446 in
715 4382 830 4448 scholio
860 4405 897 4446 ex
928 4382 993 4455 HQ
1022 4383 1196 4470 pervulgata
1218 4379 1419 4449 recentiorum

297 4499 452 4578 poetarum
475 4493 576 4560 fabula
598 4495 636 4561 de
660 4495 768 4582 Ulyssc
791 4496 889 4562 afilio
913 4495 1065 4586 Telegono
1087 4497 1254 4563 interfecto.
1280 4495 1335 4557 καί
1360 4518 1420 4577 φα-

300 4631 351 4673 ⁰⁶2¹
383 4610 425 4684 ὥς
455 4607 596 4686 {mdiu
627 4617 682 4694 τῆς
713 4613 837 4697 Κίρκης
865 4612 1053 4697 Ἥφαιστος
1078 4612 1289 4678 κατεάκειίασε
1312 4606 1420 4692 Τηλε-
