3454 5330
814 615 854 684 '55

275 813 389 870 summa
420 805 532 871 virium
562 789 732 872 intentione
761 812 856 884 natat,
886 812 922 871 ut
951 807 985 872 in
1016 805 1184 871 Phaeacum
1206 810 1303 870 terrae
1326 797 1396 871 con·

275 926 408 1006 spectum
430 920 543 998 veniat,
566 926 597 984 ct

275 1039 350 1117 νῆχε
374 1032 491 1117 παρέξ,
523 1034 554 1106 ἒς
577 1039 678 1111 μαῖαν
704 1035 876 1118 ὁρώμενος,
904 1033 932 1097 εί
955 1058 1019 1098 πον
1045 1035 1170 1117 ε’φειίροι

275 1148 387 1223 ήϊόνας
412 1171 445 1210 τε
470 1145 691 1232 παραπλῆγας
716 1145 849 1229 λιμένας
870 1173 904 1212 τε
923 1145 1104 1230 θαλάσσης.
1128 1144 1171 1234 (ε,
1186 1147 1249 1210 439
1262 1144 1396 1234 erano.)

274 1259 322 1323 Ad
343 1259 398 1325 hos
430 1281 534 1324 versus
564 1259 741 1325 observatur
771 1261 805 1326 in
835 1260 901 1332 PQ.
925 1264 1022 1343 ἄμφω
1046 1259 1168 1347 (nempe
1191 1265 1267 1344 νήχε
1291 1257 1396 1343 παρέξ

274 1375 305 1436 ct
334 1373 365 1446 ἐς
397 1377 499 1450 γαῖαν
530 1372 719 1461 ὁρώμενος),
753 1376 797 1448 εἷς
829 1378 888 1455 τήν
921 1374 1096 1457 καρτερίαν
1120 1375 1176 1436 τοῦ
1201 1361 1392 1446 Ὀδυσσέως.

278 1487 350 1570 [ὥς]
379 1489 555 1571 νηχόμενος
579 1489 640 1571 μὰρ
665 1493 721 1568 τῆς
741 1493 991 1572 παρατηρήσεως
1012 1486 1070 1551 οὐκ
1090 1484 1212 1569 ήμίλει.
1227 1486 1394 1572 Significat,

273 1598 369 1676 credo,
400 1600 451 1672 ὥς
485 1602 674 1684 νηχόμενος,
707 1601 793 1686 quasi
822 1607 948 1666 nataret.
980 1601 1023 1664 At
1049 1621 1111 1663 non
1134 1599 1316 1685 comparatio
1338 1606 1394 1677 est,

273 1719 325 1777 aut
347 1713 514 1799 suppositio
538 1714 591 1792 rei,
616 1735 692 1799 quae
714 1715 779 1779 ficri
798 1716 902 1802 possit,
925 1715 977 1780 sed
995 1713 1119 1779 natabat
1138 1734 1239 1779 revera
1251 1712 1393 1797 Ulysses;

272 1846 362 1911 quare
392 1827 622 1913 expungendam
654 1849 758 1892 censeo
789 1828 945 1893 molestam
976 1826 1113 1892 voculam
1142 1827 1197 1903 ὠς,
1224 1825 1335 1912 quippe
1358 1847 1395 1890 ex

273 1937 379 2002 ultima
401 1939 514 2022 syllaba
540 1932 727 2026 praecedenti
753 1940 890 2006 venabuli
916 1937 1136 2025 (Ὀδυσσέως)
1164 1939 1326 2004 oscitanter
1348 1959 1395 2003 re-

272 2051 366 2137 petita
388 2057 494 2117 ortam.

315 2164 450 2250 myssa,
479 2165 516 2230 ab
546 2168 646 2244 Arete,
679 2166 848 2232 Phaeacum
879 2167 992 2252 regina,
1024 2167 1236 2251 interrogatus,
1268 2165 1335 2252 quis
1365 2172 1396 2230 ct

270 2281 351 2345 unde
372 2281 422 2360 sit,
446 2281 576 2346 breviter
599 2280 768 2368 respondet,
792 2281 941 2346 narrando
964 2303 1018 2346 sna
1037 2281 1070 2345 in
1093 2279 1214 2365 Ogygia
1239 2280 1319 2366 apud
1338 2279 1395 2344 Oa-

271 2396 389 2482 lypsam
414 2397 476 2460 fata
498 2401 528 2459 et
549 2395 740 2479 naufragium
764 2395 846 2479 quod
869 2395 906 2459 ab
929 2415 964 2459 ea
986 2394 1141 2459 discedens
1165 2397 1286 2480 propter
1308 2393 1393 2479 Nep-

271 2510 338 2575 tuni
369 2509 445 2574 ircm
474 2531 578 2596 passus
602 2514 674 2574 erat.
697 2509 737 2572 In
757 2508 805 2572 his
828 2508 871 2572 ita
894 2513 996 2573 narrat
1018 2495 1107 2571 snum
1129 2505 1209 2592 apud
1232 2505 1393 2591 Calypsum

273 2622 436 2689 adventum
458 2621 581 2708 eiusque
604 2642 750 2687 amorem:

759 2733 879 2818 δεκάτη
904 2731 940 2796 δέ
964 2759 1001 2814 με
1028 2737 1123 2798 ννκτί
1145 2731 1283 2817 μελαίνη

272 2855 366 2929 νήσος
391 2849 422 2922 ἐς
445 2850 608 2932 Ὠμνμίην
632 2847 780 2912 πέλασαν
805 2849 890 2932 θεοί,
916 2845 1003 2912 ἔνθα
1026 2845 1179 2930 Καλυψώ

270 2962 355 3026 ναίει
380 2959 595 3045 ἐϋπλόκαμος,
622 2961 712 3041 δεινή
739 2963 827 3039 θεὸς,
853 2963 871 3040 ή
894 2986 931 3043 με
956 2958 1102 3045 λαβοῦσα

272 3074 430 3150 ἐνδυκέως
455 3060 557 3157 ἐφίλει
582 3099 616 3139 τε
641 3077 694 3138 καί
720 3075 852 3160 ἔτρεφεν
876 3073 933 3155 dds*
958 3061 1098 3157 ἔφασκεν

271 3195 385 3268 θήσειν
410 3189 584 3254 α’θάνατον
609 3196 665 3256 καί
688 3189 816 3274 οἷνήρεον
840 3193 948 3272 ἤματα
971 3195 1094 3254 πάντα·

263 3301 343 3393 ἀλλ’
365 3304 440 3384 ε’μόν
462 3304 580 3367 οὔποτε
601 3305 959 3385 superaccrescere
979 3303 1114 3368 ἔπειθεν
1130 3305 1165 3389 ¹).
1187 3331 1219 3387 η,
1236 3311 1298 3370 258
1312 3329 1392 3390 seqq.

271 3417 320 3480 Ad
349 3417 422 3481 haec
453 3417 511 3482 hoc
541 3417 676 3490 scholion
703 3423 750 3481 cst
773 3415 906 3482 λατικοῦ
932 3417 1068 3495 alicuius,
1092 3418 1125 3482 in
1148 3417 1243 3488 PQT.
1268 3419 1310 3483 Et
1331 3440 1393 3494 cur,

270 3533 364 3613 rogat,
395 3530 495 3594 noluit
524 3529 670 3615 Ulysscs?
703 3529 787 3594 ἐόικε
820 3528 875 3592 διὰ
907 3535 956 3609 τὸ,
991 3532 1110 3593 οὔποθ’
1136 3529 1261 3592 ἔπειθε.
1293 3529 1392 3610 δῆλον

271 3633 327 3705 οὖν
351 3643 416 3728 (ant
444 3639 575 3725 δηλοῖΡ)
599 3642 635 3706 οὐ
660 3647 696 3706 τὸ
719 3647 761 3724 μή
787 3640 900 3707 θέλειν
926 3640 1084 3721 γενέσθαι
1109 3641 1293 3720 ἀθάνατος,
1308 3639 1393 3704 ἀλλὰ

270 3758 306 3818 τὸ
337 3759 379 3836 μή
412 3759 581 3820 πιστεῦσαι
612 3756 696 3840 αὐτῇ
720 3757 858 3820 τοιαῦτα
888 3753 1035 3839 λενοήση.
1061 3756 1163 3835 ήμὲν
1188 3753 1394 3844 νὰρέφασκε

270 3873 431 3948 ποιήσειν,
468 3874 486 3934 0‘
517 3869 550 3932 δὲ
580 3869 652 3956 [οὐκ
678 3872 858 3934 ἐπίστευεν.
886 3866 977 3954 ἀλλ’]
1005 3867 1077 3952 οὐχὶ
1102 3870 1262 3933 πιστειίεον
1287 3891 1394 3951 παρη-

271 3987 368 4048 τεῖτο.
391 3983 431 4047 In
453 3983 500 4048 his
524 3984 655 4070 primum
678 3985 785 4085 opinor
804 4005 858 4070 pro
879 3981 979 4064 δῆλον
1000 3980 1192 4046 scribendum
1210 4004 1274 4047 esse
1286 3979 1392 4064 δηλοῖ,

269 4117 339 4159 narn
370 4096 435 4183 ipsa
457 4097 643 4162 constructio
665 4097 846 4164 nominativi
869 4119 939 4162 curn
961 4095 1123 4172 infinitivo,
1155 4097 1191 4156 τὸ
1214 4098 1256 4176 μή
1280 4092 1394 4160 θέλειν

305 4380 323 4440 l)
342 4382 415 4433 Totas
438 4384 477 4434 hic
490 4383 562 4442 locus,
585 4401 621 4434 rs.
639 4385 780 4435 ael-258.
806 4385 898 4451 spurius
919 4381 1036 4435 iudicatur
1058 4381 1083 4430 in
1106 4377 1194 4430 scholio
1211 4394 1238 4429 ex
1256 4379 1311 4430 ΗΡ.
1330 4377 1399 4431 ἀθε-

272 4474 382 4523 τοῦνται
406 4475 436 4524 δὲ
461 4477 550 4540 στίχοι
567 4476 606 4540 η’.
625 4476 738 4543 ὕστερον
756 4478 806 4544 γὰρ
825 4477 915 4526 ταῦτα
940 4475 1060 4538 urceos,
1080 4475 1105 4524 εἰ
1124 4469 1155 4520 δὲ
1173 4473 1327 4539 προείρητο,
1346 4472 1396 4523 οὐκ

274 4562 308 4613 ἂν
325 4564 509 4630 ἐπαλιλλόμει.
