3442 5330
889 679 930 741 34

348 870 369 946 ἡ
399 865 540 949 Ἀθηνᾶ
572 865 777 950 ἀποδημῆσαι
810 865 979 948 πεποίηκε,
1013 864 1145 949 ψεῦδος.
1173 865 1268 932 Recte
1290 865 1467 934 Dindorfius

347 984 476 1049 conexit
507 985 591 1048 κατὰ
616 983 690 1058 τούς
714 982 845 1067 ἀγρούς,
870 987 901 1047 et
922 985 1031 1046 notum
1053 987 1109 1059 est,
1133 1003 1332 1070 quamsaepe
1355 984 1411 1045 καὶ
1435 989 1467 1047 et

348 1077 433 1162 sord
464 1099 697 1164 confundantur.
728 1097 898 1162 Admonuit
929 1104 1030 1162 sutem
1059 1098 1115 1162 hec
1145 1097 1183 1162 de
1205 1120 1237 1162 re
1259 1097 1292 1162 in
1314 1097 1411 1162 Praei.
1435 1120 1464 1185 p.

347 1233 452 1290 xxxv,
476 1212 535 1276 ita:
561 1213 667 1292 ,κατὰ
691 1213 805 1276 correxi
827 1234 881 1298 pro
904 1214 973 1290 καὶ,
997 1212 1080 1297 quod
1101 1211 1199 1276 estin
1220 1211 1284 1275 ΒΗ
1304 1219 1335 1275 et
1355 1211 1465 1276 servari

347 1331 454 1411 potest,
487 1305 611 1411 sipost
641 1324 759 1409 α’γροῦς
790 1325 918 1390 addatur
948 1323 1015 1409 ἰ’δῃ,
1048 1325 1130 1410 quod
1156 1332 1202 1390 est
1224 1325 1257 1390 in
1279 1323 1341 1389 D.''
1365 1325 1465 1388 Immo

346 1460 417 1503 vero
439 1437 496 1502 hoc
521 1439 621 1525 ipsum
643 1438 792 1504 indicium
814 1445 870 1512 est,
894 1438 1022 1503 scribom
1045 1439 1110 1503 cod.
1134 1438 1174 1516 D,
1201 1443 1254 1502 cut
1275 1438 1341 1504 eius
1363 1437 1466 1503 arche·

345 1555 420 1641 typi,
455 1575 549 1640 quum
582 1555 669 1620 illum
704 1576 801 1620 aecus.
833 1555 888 1618 καὶ
921 1555 996 1626 τούς
1026 1552 1156 1638 ἀγρούς,
1191 1552 1322 1617 averbo
1346 1553 1464 1636 ἐντύχῃ

346 1669 535 1754 pendentem,
559 1689 621 1734 non
644 1668 792 1756 potuisset
813 1689 1006 1752 concoquere,
1030 1665 1182 1732 addidisse
1205 1667 1243 1731 de
1266 1688 1321 1731 suo
1340 1663 1408 1750 ἰ’δῃ,
1430 1671 1467 1728 ut

345 1784 539 1866 grammatica
556 1783 633 1848 ratio
652 1789 802 1848 constaret
821 1782 944 1846 seilicet.
966 1781 1071 1846 Scriba
1087 1788 1189 1846 autem
1200 1780 1266 1845 cod.
1280 1779 1311 1844 H
1323 1780 1466 1845 mendum

346 1895 475 1962 fideliter
497 1896 665 1983 exscripsit,
689 1901 720 1961 et
745 1897 788 1961 sic
806 1896 888 1974 feeit,
909 1903 945 1959 ut
964 1895 1048 1961 loeus
1068 1919 1085 1960 a
1103 1895 1262 1960 Diudorfio
1274 1901 1466 1960 certuemen-

346 2010 467 2075 datione
497 2018 597 2096 posset
626 2010 756 2074 restitui.
789 2009 1017 2073 Eiusdemmodi
1039 2015 1085 2074 est
1106 2009 1200 2086 locus,
1224 2032 1253 2096 p.
1280 2011 1354 2087 137,
1377 2008 1398 2073 l.
1423 2010 1464 2072 17

345 2145 382 2186 ex
404 2121 434 2186 D
457 2129 488 2187 et
511 2146 539 2209 p.
565 2127 617 2201 88,
643 2125 686 2186 14
708 2145 745 2186 ex
768 2123 799 2200 S,
824 2121 991 2206 dequibus
1010 2128 1112 2207 postes
1132 2143 1228 2206 agam.
1240 2121 1289 2185 Ex
1300 2121 1348 2186 his
1359 2120 1465 2206 igitur,

346 2236 371 2299 si
395 2258 464 2301 vere
486 2236 639 2322 disputato
661 2240 742 2314 sunt,
766 2235 799 2300 id
822 2233 927 2300 saltem
950 2240 1081 2321 apparet,
1102 2242 1189 2299 caute
1207 2234 1296 2300 nobis
1317 2234 1466 2321 agendum

344 2371 417 2427 esse,
448 2349 476 2414 si
505 2349 539 2414 in
568 2349 634 2413 loco
664 2355 805 2435 corrupto
835 2347 865 2412 D
896 2351 928 2413 et
949 2348 971 2412 S
993 2347 1137 2412 lectiones
1161 2347 1366 2435 suppeditent,
1389 2369 1465 2433 quse

344 2463 441 2548 primo
464 2461 575 2526 obtutu
597 2462 734 2528 meliores
756 2462 908 2527 videntur.

388 2574 534 2654 l'undem,
557 2581 594 2639 ut
614 2576 686 2640 huic
705 2575 842 2641 codicum
864 2574 1084 2641 enumerationi
1105 2576 1197 2643 finem
1221 2576 1383 2664 imponam,
1406 2576 1464 2640 hoc

342 2711 438 2754 unum
457 2689 551 2754 eddo:
566 2690 690 2755 minoris
701 2689 750 2755 vel
761 2689 852 2754 etism
863 2688 981 2754 minimi
993 2690 1083 2776 pretii
1095 2697 1177 2769 sunt,
1189 2713 1265 2775 quse
1276 2713 1313 2754 ex
1324 2689 1351 2754 P
1364 2687 1463 2776 (Palo-

342 2803 419 2889 tino)
444 2803 509 2868 Bu.
535 2802 766 2889 (Ambrosianis)
796 2803 829 2867 N
852 2802 1034 2892 (Marciano)
1060 2811 1091 2868 et
1112 2803 1198 2868 libris
1220 2801 1464 2869 Vindobonensi·

342 2913 399 2980 bus
426 2917 496 2980 solis
527 2916 712 3002 prodierunt,
745 2936 927 3002 quemquam
951 2916 1036 2980 ethi
1058 2916 1129 2981 libri
1152 2938 1369 3002 nonnunquam
1392 2938 1463 2980 con-

342 3027 446 3091 ferunt
461 3028 498 3091 ed
518 3028 650 3092 tollenda
669 3027 752 3104 vitia,
773 3029 901 3111 quaein
920 3027 1059 3094 omnibus
1078 3028 1253 3094 melioribus
1271 3029 1414 3114 leguntur
1427 3028 1463 3108 ¹).

385 3140 437 3204 Sic
458 3141 553 3225 igitur
575 3139 733 3205 Dindorfio
753 3127 927 3222 „adhibiiis
951 3164 1026 3227 quae
1044 3142 1092 3208 vel
1113 3141 1151 3208 sb
1170 3143 1236 3206 aliis
1255 3145 1463 3229 perstiterant,

343 3253 390 3317 vel
412 3252 450 3317 ab
473 3275 508 3317 eo
531 3254 628 3340 primo
651 3252 739 3318 silete
761 3261 834 3320 sunt
851 3253 998 3321 librorum
1019 3255 1291 3341 manuscriptorum
1310 3254 1464 3342 praesidiis

342 3365 479 3450 plurima,
503 3389 579 3451 quoe
597 3367 631 3432 in
651 3365 800 3453 prioribus
820 3367 1001 3433 scholiorum
1019 3366 1202 3433 editionibus
1222 3368 1270 3434 vel
1294 3389 1397 3432 monce
1415 3366 1464 3430 vel

340 3479 671 3567 corrupta'ferebsntur‚
684 3482 717 3547 in
738 3482 891 3569 integrum
910 3485 1068 3550 restituere
1087 3481 1206 3549 licuit.”
1226 3485 1276 3548 Itu
1296 3485 1462 3570 profitetur,

340 3591 437 3657 Praei.
462 3617 492 3679 p.
512 3613 560 3672 rr,
583 3601 615 3659 et
637 3617 755 3661 summo
777 3597 851 3676 iure,
873 3597 905 3662 id
923 3599 1005 3684 quod
1018 3598 1140 3685 plurimi
1160 3598 1224 3662 eius
1244 3596 1385 3662 editionis
1404 3597 1463 3660 loci

338 3712 505 3786 testentur3
528 3730 590 3773 non
613 3715 714 3774 tamen
732 3711 764 3796 id
784 3719 937 3778 assecutus
956 3720 1011 3790 est,
1044 3718 1166 3776 utrem
1189 3711 1354 3788 conficeret,
1379 3709 1461 3794 quod

338 3819 430 3886 unius
460 3821 600 3902 hominis,
633 3825 723 3890 etiam
754 3826 929 3904 doctissimi,
961 3825 1038 3891 vires
1065 3826 1154 3910 longe
1178 3830 1343 3912 exsuperet.
1369 3821 1461 3893 Quod

374 4083 393 4144 ¹)
411 4085 528 4148 Quoniam
544 4101 629 4151 auceps
646 4101 682 4137 res
699 4089 733 4138 est
749 4087 769 4137 si
782 4087 842 4151 quis,
858 4084 898 4150 qui
912 4084 999 4136 codices
1012 4084 1075 4151 ipsos
1090 4083 1162 4136 oculis
1171 4100 1296 4150 numquam
1308 4083 1462 4151 usurpaverit,

339 4174 367 4224 de
383 4189 462 4225 eorum
480 4176 569 4240 origine
591 4179 614 4226 et
634 4178 769 4242 cognatione
785 4175 860 4227 mults
876 4179 981 4226 accurate
996 4176 1113 4242 eupatore
1131 4177 1196 4238 velit,
1214 4177 1282 4226 lieeut
1298 4176 1358 4226 mihi
1375 4175 1400 4225 iu
1417 4175 1461 4225 huo

338 4268 393 4314 uoto
414 4268 506 4315 tuntum
521 4281 627 4330 promere
639 4268 800 4332 suspicionem,
815 4265 872 4315 illud
887 4267 984 4318 tortam
1006 4284 1053 4318 esse
1074 4269 1202 4319 commuuio
1225 4267 1322 4333 originis
1338 4265 1459 4324 indicium,

338 4356 399 4421 quod
421 4357 446 4407 iu
468 4356 574 4422 plurimis
595 4358 682 4408 scholis
703 4360 757 4422 post
773 4359 881 4421 quartum
898 4357 934 4408 vel
952 4359 1058 4423 quintum
1075 4358 1159 4410 librum
1176 4359 1342 4418 desiderantur,
1359 4359 1384 4406 et
1399 4356 1460 4421 qood

339 4448 364 4500 iu
386 4450 475 4508 ceteris,
503 4452 542 4518 qui
565 4467 607 4517 per
630 4465 708 4500 omnes
726 4448 799 4499 libros
816 4449 904 4500 scholis
923 4450 1016 4510 hubent,
1034 4467 1060 4500 es
1076 4453 1153 4502 tumen
1170 4451 1195 4501 iu
1212 4450 1277 4501 libris
1295 4448 1459 4515 posterioribus

337 4541 421 4591 sensim
443 4545 562 4594 meseum
585 4544 608 4593 st
630 4540 725 4592 minoris
742 4543 802 4592 fiunt
818 4541 938 4592 momenti.
957 4541 1021 4606 Quae
1037 4557 1073 4593 res
1090 4542 1109 4592 si
1126 4542 1188 4593 sosoi
1205 4539 1325 4592 tribuenda
1343 4543 1385 4600 est,
1407 4555 1461 4590 suus

337 4631 409 4683 mirus
427 4635 462 4682 est
478 4648 552 4685 cusos.
