3454 5330
897 668 939 728 86

358 856 482 940 Τροίαν
516 850 869 937 ίπόρθησε,---ΰιο“ι
901 853 996 916 τοῦτο
1028 850 1065 916 οὐ
1097 855 1155 918 τὸν
1187 851 1366 939 Ἀχιλλέα,
1395 851 1482 916 ἀλλὰ

238 1017 242 1024 -
357 974 414 1036 τὸν
447 966 607 1034 Ὀδυσσέα
631 965 783 1049 ὀνομάζει
809 964 1050 1050 πτολίπορθον.
1076 967 1149 1032 Sine
1175 969 1376 1034 controversia
1397 991 1483 1034 men-

356 1087 465 1152 dosum
487 1089 534 1150 est
557 1080 703 1167 ἐπέσχεν,
727 1087 759 1146 et
781 1103 884 1146 sensus
908 1081 1041 1168 postulat
1059 1081 1193 1160 verbnm,
1222 1082 1304 1167 quod
1332 1081 1483 1166 significat

358 1199 485 1282 „urbem
500 1194 635 1284 capere.''
656 1195 726 1260 Hoc
744 1195 824 1282 apud
835 1200 953 1260 nostros
965 1195 1026 1260 fere
1045 1201 1217 1260 constanter
1228 1201 1315 1260 sonat
1326 1202 1480 1279 πορθεῖν,

355 1336 425 1378 num
455 1314 560 1393 αἱρεῖν
592 1315 623 1374 et
653 1307 740 1377 ε’λεῒν
770 1308 803 1374 in
834 1307 1066 1373 desuetudinem
1098 1307 1207 1373 abiisse
1237 1308 1388 1374 videntur.
1421 1309 1482 1375 Sed

355 1425 446 1493 verbo
476 1429 617 1509 πορθεῖν
647 1422 699 1487 hio
724 1422 771 1487 uti
801 1421 901 1486 noluit
923 1422 1092 1500 scholiasta,
1117 1428 1274 1510 propterea
1296 1423 1377 1507 quod
1400 1423 1482 1488 idem

356 1538 536 1606 vocabulum
562 1537 610 1603 bis
636 1557 747 1624 ponere
768 1536 801 1600 in
820 1534 905 1600 brevi
931 1535 1081 1602 sententia
1105 1534 1237 1600 nolebat.
1268 1535 1378 1600 Statim
1400 1536 1483 1600 enim

356 1652 507 1738 sequitur:
540 1654 557 1715 o‘
589 1649 624 1714 δὲ
657 1647 830 1723 Ὀδυσσεύς
861 1685 906 1697 -
936 1645 1111 1733 ἐπόρθησε,
1148 1649 1230 1732 quod
1260 1649 1421 1733 quominus
1451 1655 1483 1713 et

354 1768 407 1833 hio
427 1788 482 1854 pro
505 1765 640 1850 ἐπέσχεν
665 1787 842 1852 reponamus
866 1771 1015 1851 praeterea
1038 1762 1147 1842 obstat,
1172 1764 1254 1848 quod
1273 1764 1365 1830 nimis
1384 1765 1482 1830 alite·

356 1904 456 1947 rarum
487 1881 583 1945 forma
613 1879 735 1944 recedit.
765 1878 974 1963 Cogitaveram
1004 1877 1110 1962 igitur,
1143 1899 1212 1943 eum
1235 1877 1371 1943 variandi
1394 1900 1483 1944 eausa

354 2019 444 2060 usum
466 2016 530 2059 esse
553 1991 699 2058 vocabulo
722 1991 902 2056 Homerico:
928 1993 983 2055 καί
1008 1989 1155 2076 λέγομεν,
1176 1992 1246 2055 ἐπεί
1266 1994 1284 2055 o‘
1301 1988 1483 2077 Ἀχιλλεύς

356 2106 509 2191 πολίδριά
533 2130 611 2170 τινα
635 2104 827 2187 ἔπερσεν,
852 2107 870 2167 o‘
893 2099 928 2168 δὲ
953 2102 1127 2178 Ὀδυσσεύς
1146 2109 1318 2186 --σὴν
1342 2106 1483 2188 περίφη-

354 2247 416 2303 μον
448 2219 573 2304 Τροίαν
607 2221 781 2301 ἐπόρθησε,
802 2254 902 2266 -—
922 2216 977 2281 διὰ
1002 2221 1215 2282 τοῦτο--
1234 2222 1291 2283 τὸν
1321 2217 1492 2296 ὈδυσσέαΙ

355 2333 506 2418 ὀνομάζει
532 2329 772 2415 πτολίπορθον.
805 2330 866 2395 Sed
888 2331 1047 2418 serupulus
1070 2338 1172 2397 tamen
1195 2333 1315 2410 residet,
1339 2333 1482 2418 quoniam

355 2448 540 2526 scholiastae,
580 2469 760 2532 quamquem
799 2468 816 2510 a
845 2444 998 2511 vocabulis
1024 2446 1188 2532 formisque
1218 2447 1389 2513 Homericis
1419 2470 1481 2513 non

356 2562 518 2640 abstinent,
541 2559 580 2626 iis
602 2560 779 2647 plerumque
802 2559 835 2625 in
857 2560 1029 2648 paraphrasi
1050 2566 1171 2624 tantum
1195 2565 1332 2626 utuntur.
1352 2560 1481 2653 Legitur

355 2684 456 2742 tamen
483 2700 512 2763 p.
538 2679 590 2740 ea.
611 2674 632 2739 1.
659 2678 702 2739 ιο
725 2675 763 2740 aa
785 2677 818 2761 μ.
846 2679 919 2740 raa.
953 2673 1028 2738 aar
1052 2674 1110 2760 οὐχ
1135 2660 1228 2751 οὗτος
1251 2680 1270 2740 ο
1292 2654 1378 2760 περ,
1405 2673 1480 2738 aar

357 2789 497 2874 ἐρεθίζει
521 2792 578 2854 τὸν
604 2786 798 2873 Τηλέμαχον
823 2788 1023 2854 ἀπώσασθαι
1048 2794 1108 2869 τὴν
1131 2787 1266 2874 μητέρα.
1313 2853 1315 2857 .

397 2904 442 2968 Aa
471 2901 599 2968 certiora
629 2908 709 2980 snut,
740 2925 816 2987 quae
838 2905 942 2969 afferre
964 2925 1086 2990 possum
1109 2903 1147 2967 ad
1169 2928 1201 2981 γ.
1229 2907 1302 2968 195.
1326 2903 1480 2988 Loquitur

354 3015 468 3080 Nestor
491 3014 528 3080 de
547 3013 671 3100 agisrhi
693 3015 836 3091 facinore,
860 3015 922 3094 sed,
946 3015 1057 3100 inquit,

488 3125 562 3190 ἀλλ’
585 3131 606 3207 ἤ
628 3151 679 3191 τοι
706 3133 815 3200 κεῖνος
837 3128 897 3209 μὲν
922 3126 1142 3212 ἐπισμυγερῶς
1166 3127 1333 3194 α’πίσισεν.

355 3241 546 3306 Vocabulum
566 3241 785 3325 ἐπισμυγερῶς
805 3240 838 3305 in
858 3242 944 3306 codd.
965 3241 1333 3330 BltHQitaexplioatur:
1348 3249 1479 3327 περισσὴ

356 3361 375 3435 ή
408 3355 474 3432 ε’πί,
507 3337 550 3428 oio*
575 3353 610 3418 ἐν
642 3359 688 3437 τῷ
713 3355 822 3440 ,βοῶν
856 3353 1100 3440 ἑπιβοιίνολος.”
1133 3361 1312 3442 σμιίχεσθαι
1345 3355 1381 3420 δέ
1412 3358 1480 3422 ἐστι

356 3471 391 3532 τὸ
422 3467 484 3531 ὑπὸ
510 3469 610 3552 πυρὸς
634 3464 873 3532 ἀναλίσκεσθαι
903 3476 1060 3550 μετῆκτοιι
1090 3468 1125 3534 δὲ
1150 3470 1309 3554 ἐπίρρημα
1344 3470 1482 3556 (,‚Scribe

353 3588 509 3666 μετῆκτοιι
534 3579 569 3645 δὲ
594 3584 630 3646 τὸ
654 3571 828 3667 ἐγχείρημα
852 3604 890 3646 ex
912 3581 955 3647 H.
978 3590 1010 3649 et
1032 3581 1094 3648 D.’'
1115 3580 1209 3648 Dind.
1227 3584 1324 3650 Praef.
1338 3607 1367 3670 p.
1380 3583 1481 3673 xum)

355 3695 419 3760 οἰπὸ
449 3699 516 3761 τῶν
549 3693 814 3781 ἐπισμυχομίνοον
839 3698 894 3760 καί
917 3695 1113 3779 ,ἐπιομιίξοιι
1136 3699 1215 3780 πυρί
1240 3695 1342 3777 νῆας”
1368 3697 1422 3783 (Η.
1452 3697 1479 3761 Ι.

356 3812 445 3895 653).
467 3807 562 3893 δηλοῖ
582 3806 617 3872 δὲ
638 3811 674 3872 τὸ
695 3810 915 3893 ἐπισμυγερῶς
935 3813 971 3874 τὸ
985 3811 1159 3889 ἐπιπόνως,
1181 3808 1316 3886 α’ξίιος.
1338 3810 1411 3876 Non
1422 3811 1480 3875 im-

354 3923 462 3989 merito
485 3922 647 4009 explicatio
669 3943 733 3987 voe.
767 3923 987 4005 ἐπισμυγερῶς
1010 3943 1063 4008 per
1084 3921 1181 3997 οίξίως
1204 3923 1428 3988 Buttmannum
1450 3932 1482 3989 et

353 4035 547 4102 Dindorfium
577 4034 654 4100 male
683 4033 800 4113 habuit,
832 4055 904 4098 nam
934 4055 971 4097 ex
1001 4034 1167 4100 sententiae
1200 4057 1281 4100 nexu
1304 4035 1402 4121 palam
1424 4043 1480 4114 est,

354 4149 573 4234 ἐπισμυγερῶς
603 4147 774 4212 σι’ποτίνειν
807 4146 865 4212 alia
894 4145 995 4210 omnia
1024 4147 1126 4233 potius
1160 4169 1224 4214 esse
1258 4170 1348 4232 quam
1381 4146 1480 4224 οἷξίισς

353 4262 537 4328 α’ποτίνειν.
563 4261 814 4327 Molestissimum
832 4259 928 4344 igitur
946 4258 1071 4324 verbum
1091 4259 1183 4326 variis
1205 4261 1478 4327 modistentarunt.

352 4376 539 4442 Buttmanno
571 4374 706 4458 οίζυρῶς
729 4374 763 4438 in
793 4378 925 4437 mentem
955 4380 1085 4453 venerat,
1111 4374 1193 4458 quod
1216 4374 1390 4440 dubitanter
1412 4381 1479 4440 tau-
1605 4454 1610 4462 Ι

350 4496 419 4554 tum
441 4487 606 4575 proposuit.
630 4487 806 4552 Dindorfius
828 4485 863 4550 in
886 4486 1079 4552 annotatione
1110 4487 1213 4573 posuit
1235 4487 1323 4552 haec:
1344 4485 1475 4569 ,ἀξίως

350 4601 543 4688 Corruptum.
583 4600 719 4685 οίζυρῶς
749 4598 867 4663 Buttm.
900 4620 1005 4686 parum
1046 4598 1250 4686 probabiliter.
1282 4599 1475 4666 Facillimum
