3442 5330
891 627 931 691 16

352 810 387 876 δὲ
419 815 498 898 πρὸς
529 815 589 895 τὴν
620 813 784 898 Ἀθηνᾶν
816 817 1032 897 όμοιωθεῖσαν
1064 814 1184 903 Μέντη
1219 818 1274 881 καί
1299 815 1474 904 βασιλικὴν
1539 885 1540 889 ,

351 924 491 1012 ἔχουσαν
516 925 634 1006 στολὴν
660 926 697 992 οὐ
721 934 823 1007 πάνυ,
848 929 903 994 ubi
927 933 973 1015 (α.
998 931 1088 1013 171.)
1107 931 1181 996 haec
1200 937 1320 997 tantum
1330 931 1475 1018 leguntur

351 1042 546 1127 οἶκειότερον
576 1045 680 1107 ταῦτα
711 1043 773 1108 ὑπὸ
806 1043 956 1125 Εὐμαίου
987 1047 1030 1110 ἂν
1060 1043 1224 1126 λέγοιντο,
1251 1045 1301 1111 διὸ
1326 1046 1362 1111 ἕν
1386 1069 1474 1112 τισιν

350 1153 408 1219 οὐκ
434 1155 601 1241 ἐφέροντο,
635 1158 688 1222 sed
718 1157 797 1222 nihil
819 1158 864 1222 ibi
887 1165 933 1223 est
956 1159 994 1223 de
1017 1159 1104 1245 signo
1127 1161 1243 1240 critico,
1268 1162 1350 1246 quod
1371 1167 1474 1226 tamen

349 1273 379 1333 et
401 1270 472 1335 huie
494 1269 560 1337 loeo
587 1271 745 1336 adhaerere
770 1271 885 1349 debuit,
908 1295 979 1337 nam
1002 1273 1172 1339 verosimile
1195 1282 1243 1339 eat
1264 1275 1474 1340 Aristarchum

349 1404 386 1446 ex
417 1384 567 1450 constanti
591 1407 644 1450 sua
666 1385 885 1451 consuetudine
907 1385 952 1450 ibi
976 1384 1092 1472 ὀβελὸν
1117 1387 1473 1462 1111111111τοῖςάστε-

349 1496 484 1580 ρίσκοις,
505 1498 562 1576 111,
586 1505 623 1562 ut
645 1499 767 1565 solenne
793 1505 839 1564 est
863 1500 895 1564 in
919 1501 1041 1579 nostris,
1066 1500 1265 1583 ηθετηκέναι
1288 1507 1358 1584 μετ’
1382 1500 1473 1565 ἀστε-

347 1610 478 1694 ρίσκων.
503 1612 590 1677 Idem
612 1635 672 1677 usu
694 1613 778 1678 venit
800 1613 838 1678 111
861 1636 891 1676 τ.
919 1616 1037 1678 4—12.
1063 1615 1103 1677 οἱ
1122 1613 1396 1698 ἀστερίσκοι,
1421 1616 1472 1680 ὅτι

346 1723 535 1803 ἀναγκαίως
559 1725 693 1806 ἐνθάδε,
715 1728 767 1790 ὅτε
790 1728 844 1789 καὶ
869 1728 991 1810 ἑώρακε
1014 1728 1054 1789 rot
1074 1726 1173 1795 ὅπλα.
1196 1727 1309 1793 Contra
1325 1727 1358 1792 hi
1369 1749 1472 1794 versus

347 1839 385 1902 ad
406 1865 441 1902 π.
465 1844 539 1904 281.
560 1841 752 1917 damnantur,
777 1841 830 1905 sed
853 1846 884 1904 et
905 1839 952 1904 ibi
974 1840 1011 1905 de
1030 1841 1118 1926 signo
1137 1841 1251 1920 critico,
1272 1841 1354 1926 quod
1372 1847 1473 1905 tamen

346 1958 377 2014 et
407 1951 478 2017 huic
507 1953 573 2019 loco
604 1953 775 2018 addendum
808 1960 881 2031 erat,
912 1960 949 2016 ut
971 1975 1060 2040 supra
1083 1954 1286 2039 significatum
1310 1961 1365 2032 est,
1389 1953 1473 2018 nulle

346 2064 470 2131 omnino
492 2065 570 2130 iacta
591 2073 637 2130 est
660 2066 784 2130 mentio.
808 2103 853 2112 —
877 2064 1007 2129 Διπλαῖ
1026 2073 1297 2132 commemorantur
1318 2067 1365 2131 his
1377 2067 1471 2132 locis:

347 2179 380 2264 sl.
407 2182 461 2244 89.
493 2179 530 2243 111
562 2185 646 2264 τάχα
676 2177 706 2241 δ’
740 2169 800 2242 εἶσι
833 2176 1007 2265 τέταρτον]
1035 2178 1208 2260 ήδιπλῆ
1234 2181 1313 2264 πρὸς
1338 2182 1374 2245 τὸ
1397 2179 1470 2257 ἑξῆς

348 2290 466 2356 δοκοῦν
490 2291 691 2374 ἀσυμφώνως
717 2290 875 2370 λε’γεσθαι
900 2299 956 2358 ete.
981 2330 1026 2340 -
1049 2293 1087 2358 111
1111 2319 1137 2358 ε.
1164 2297 1240 2372 122,
1264 2293 1301 2358 ad
1325 2292 1433 2359 verba:

446 2404 481 2480 ἐξ
505 2404 595 2485 ἁλὸς,
621 2398 675 2469 οἶά
699 2432 731 2470 τε
757 2405 864 2470 πολλὰ
889 2405 997 2491 τρέφει
1023 2404 1140 2480 κλοτὸς
1164 2407 1368 2491 Ἀμφιτρίτη

346 2519 404 2586 hoc
426 2524 473 2586 est
494 2519 646 2586 scholion:
670 2526 691 2601 ή
714 2518 732 2583 11
743 2519 843 2602 ιπλῆ
863 2523 942 2605 πρὸς
963 2520 999 2584 rt
1022 2526 1126 2605 σχῆμα
1147 2519 1183 2610 (1.
1197 2543 1223 2585 e.
1244 2519 1360 2594 κλειτὸς
1374 2520 1468 2584 subst.

347 2634 494 2702 feminino
523 2635 710 2713 adiunctum,
742 2641 778 2699 ut
808 2637 890 2721 patet
917 2656 954 2699 ex
977 2633 1091 2699 scholio
1113 2635 1147 2700 in
1171 2635 1236 2699 cod.
1261 2632 1314 2723 E)·
1340 2635 1394 2699 καὶ
1419 2638 1470 2701 ὅτι

347 2751 382 2815 ἐν
406 2748 557 2834 θαλάττῃ
582 2748 629 2813 ὢν
654 2746 754 2827 λέγει·
779 2746 814 2822 ἐξ
837 2746 926 2822 ἁλός.
952 2785 998 2796 ——
1017 2749 1060 2814 nt
1075 2749 1113 2814 111
1134 2774 1159 2812 ε.
1183 2751 1258 2811 453.
1278 2748 1309 2821 ἐς
1323 2749 1470 2828 ποταμοῦ

228 2930 235 2937 ,
348 2864 505 2948 προχοὰς]
529 2861 604 2927 ἀντὶ
629 2863 838 2944 ἀντωνομίας
864 2866 899 2925 τὸ
923 2865 1038 2945 ὄνομα.
1053 2901 1101 2911 --
1124 2868 1145 2942 ἡ
1169 2859 1298 2941 διπλῆ
1327 2852 1384 2926 οὖν
1405 2884 1472 2924 πα-

347 2981 496 3058 ρακεῖται
520 2979 599 3059 πρὸς
623 2979 658 3039 τὸ
683 2983 739 3055 τῆς
764 2977 934 3060 ἑρμηνείας
960 2974 1060 3040 ίδιον.
1081 3013 1127 3023 -
1146 2974 1175 3049 ζ.
1200 2979 1252 3053 86,
1274 2972 1470 3058 σημειωτέον

346 3091 406 3170 τὴν
431 3084 618 3167 ἐναλλαγὴν
643 3091 709 3152 τῶν
735 3095 858 3172 χρόνων
882 3095 939 3152 etc.
961 3088 1122 3172 quodiam
1142 3087 1473 3174 supraattulimns-

347 3200 398 3266 Ad
424 3226 455 3283 η.
487 3203 562 3265 138.
594 3197 680 3280 ἠδὲ
713 3198 843 3281 διπλῆ
877 3203 955 3285 πρὸς
987 3201 1022 3264 τὸ
1055 3201 1147 3280 ἔθος,
1174 3203 1229 3265 καὶ
1253 3202 1304 3265 ὅτι
1330 3200 1470 3280 ,καίων’

346 3313 523 3398 ἀρσενικῶς
547 3335 636 3396 φησι.
661 3351 706 3361 -
731 3312 759 3387 ζ.
785 3316 858 3377 303.
883 3315 1049 3399 προειπὼν
1074 3315 1210 3397 δώματα
1236 3315 1392 3394 ἐπήνεγκε
1414 3312 1472 3377 δό-

345 3454 417 3511 μος,
450 3431 550 3512 πρὸς
581 3428 598 3489 ὃ
630 3432 651 3507 η’
682 3423 823 3506 διπλῆ.
853 3427 1019 3514 -Signi,
1044 3429 1126 3514 quod
1150 3433 1323 3514 κεραύνιον
1348 3427 1471 3506 dieitur,

347 3543 438 3609 semel
466 3549 596 3621 tantum,
628 3542 654 3605 si
685 3549 765 3607 recte
794 3542 869 3622 11111,
900 3543 1037 3609 iniioitur
1059 3544 1185 3622 mentio,
1207 3565 1316 3629 nempe
1340 3564 1369 3607 σ.
1394 3546 1472 3607 282.

345 3658 383 3723 111
406 3679 496 3742 quem
517 3657 618 3724 locum
639 3680 676 3723 ex
699 3657 741 3721 H.
766 3657 882 3723 editur:
905 3657 1031 3732 εὐτελὲς
1052 3662 1160 3738 τοῦτο,
1184 3656 1309 3722 διὸκαὶ
1331 3657 1472 3741 κεραιί-

347 3795 443 3836 νιον
467 3771 716 3856 παρέθηκεν
742 3771 1083 3856 Ἀριστοφάνης.

390 3885 451 3949 Sed
481 3885 555 3950 haec
588 3886 745 3950 sufficiant.
770 3887 873 3970 Atque
896 3886 1023 3949 fortasse
1046 3883 1183 3969 pluribus
1208 3883 1269 3947 iam
1290 3883 1364 3948 haec
1387 3905 1472 3948 exse·

348 4006 436 4064 cutus
460 4021 537 4077 sum,
561 4021 652 4083 quem
670 3999 807 4063 instituti
824 3998 883 4063 mei
902 3998 980 4062 ratio
1000 3996 1150 4082 poscebat.
1163 3996 1265 4081 Igitur
1276 3995 1361 4083 plura
1372 3996 1471 4060 sciens

348 4113 544 4200 praetermisi,
575 4111 629 4176 ubi
660 4133 707 4176 res
737 4134 800 4176 nou
830 4117 914 4175 extra
945 4109 1071 4174 dubium
1104 4110 1201 4196 posita
1229 4116 1302 4187 erat,
1335 4133 1364 4190 v„
1388 4131 1413 4172 c.
1438 4108 1472 4173 in

347 4226 572 4308 enumeratione
602 4226 674 4290 satis
697 4225 848 4310 frequenti
881 4227 946 4289 τῶν
980 4223 1070 4297 ἅπαξ
1096 4222 1273 4307 εἷρημένων
1298 4224 1383 4287 etin
1410 4222 1471 4287 illis

346 4340 431 4419 loeis,
462 4340 516 4405 ubi
545 4346 615 4426 post
644 4339 923 4427 interpretationem
954 4338 1092 4404 vocabuli
1114 4337 1162 4404 vel
1184 4337 1228 4402 rei
1252 4335 1470 4423 expositionem

349 4452 491 4521 adiicitur
520 4451 597 4518 illud
624 4453 682 4539 οὐχ
710 4456 753 4528 ὡς
776 4455 809 4519 οί
832 4457 982 4538 νεώτεροι
1007 4451 1055 4520 vel
1079 4453 1110 4517 oi
1133 4451 1167 4516 δὲ
1192 4449 1344 4535 νεώτεροί
1368 4471 1470 4531 φασιν

349 4568 397 4636 111
431 4570 489 4656 οὐχ
524 4573 567 4646 ὥς
603 4573 634 4636 οἱ
667 4570 923 4658 γλωσσογράφοι,
961 4592 1037 4656 quae
1067 4567 1179 4633 habeut
1209 4565 1309 4631 omnia
1340 4562 1470 4628 colorem
