3442 5330
746 709 751 716 ·
832 687 851 745 9

289 893 358 953 σαν,
390 875 476 955 τρεῖς
507 870 629 943 ἵππους
661 867 771 934 ἐδίδου
805 874 850 954 τῷ
884 869 1077 956 Τηλεμάχῳ,
1110 870 1191 954 quod
1217 869 1347 956 pertinet
1369 870 1408 934 ad

289 985 519 1050 confirmandam
537 985 705 1049 Aristarchi
725 984 962 1051 observationem
981 985 1032 1048 ὅτι
1053 983 1110 1049 too
1122 984 1236 1058 ἵπποις
1250 985 1404 1067 ἐχρῶντο,

288 1100 324 1162 of.
347 1098 464 1176 Lehrs.‚
488 1096 582 1162 Arist.
606 1122 635 1185 p.
661 1102 724 1162 195
746 1102 765 1184 p
791 1102 819 1163 3.
844 1137 888 1146 -
908 1099 957 1163 Ad
978 1097 996 1162 δ
1016 1103 1089 1164 602.
1109 1100 1175 1163 ὅτι
1197 1099 1270 1171 τοδς
1283 1099 1405 1172 ἵππους

286 1208 418 1293 ἄγαλμα
443 1211 569 1295 εἴρηκεν
594 1209 630 1276 ἐν
655 1208 779 1275 Ἰλιάδι
804 1220 861 1277 etc.
887 1235 947 1296 quo
969 1213 1035 1278 looo
1059 1212 1123 1277 sine
1147 1211 1240 1277 dubio
1259 1210 1407 1278 stabilivit

286 1324 477 1389 Asistarehus
501 1347 585 1390 suam
607 1347 671 1390 τοο.
696 1323 832 1406 ἄγαλμα
851 1325 1139 1412 interpretationem,
1161 1325 1286 1409 quaead
1297 1349 1327 1402 ν.
1343 1327 1407 1396 274

288 1443 365 1526 (pag.
392 1443 466 1503 145.
490 1439 510 1503 l.
537 1440 591 1526 18)
614 1447 645 1504 et
668 1464 699 1516 ν.
726 1442 790 1502 438
816 1436 860 1526 (p.
888 1442 962 1503 161.
982 1439 1003 1502 1.
1026 1437 1082 1527 25)
1103 1439 1274 1525 exponitm.
1294 1476 1339 1485 —
1357 1439 1407 1503 Ad

287 1550 316 1615 δ.
350 1555 424 1617 630.
457 1559 526 1625 τοῖς
554 1550 584 1617 δ’
609 1553 678 1626 υἱὸς
703 1553 874 1637 Φρονίοιο]
902 1553 968 1615 ὅτι
994 1553 1049 1615 καὶ
1074 1553 1108 1617 ἐν
1133 1550 1256 1616 Ἰλιάδι
1280 1558 1301 1631 ἡ
1323 1550 1405 1632 αὐτὴ

287 1665 435 1750 ιδστοχία
459 1671 515 1747 τῆς
538 1667 605 1730 τῶν
629 1665 798 1746 ὀνομάτων
820 1663 951 1738 θέσεως.
979 1663 1043 1754 (P).
1065 1704 1110 1714 -
1127 1667 1178 1730 Ad
1199 1665 1229 1729 δ.
1245 1668 1318 1730 671.
1339 1666 1404 1729 ὅτι

288 1782 345 1857 τὴν
363 1783 483 1862 Σάμην
503 1783 619 1862 Σάμον
641 1771 743 1858 εἶπεν,
768 1777 892 1868 (ΒΕΤ).
914 1779 976 1844 cfr.
997 1803 1026 1866 p.
1041 1783 1094 1857 44,
1109 1784 1165 1857 12;
1187 1803 1215 1866 p.
1231 1783 1305 1857 240,
1319 1783 1420 1862 1.-1

289 1891 340 1956 ubi
360 1893 465 1958 eodem
490 1893 680 1971 verbosum,
706 1915 781 1977 quae
804 1893 838 1957 in
860 1899 965 1958 nostro
988 1879 1105 1957 scholii
1121 1893 1273 1978 legimur,
1294 1892 1407 1977 quique

288 2003 366 2070 loono
396 2006 430 2071 in
461 2005 562 2071 indioe
591 2012 714 2071 notatus
745 2013 800 2084 est,
825 2043 869 2052 —
892 2029 922 2093 p.
947 2009 1023 2086 407,
1048 2010 1108 2084 16;
1132 2029 1161 2093 p.
1187 2011 1262 2084 605,
1287 2010 1339 2070 19.
1363 2045 1407 2055 -

286 2118 333 2182 Ad
368 2115 398 2180 δ.
438 2122 511 2183 685.
547 2119 612 2182 ὅτι
644 2121 685 2183 τά
718 2117 1206 2203 ι’σοδυναμοάνταπαράλληλοι
1238 2118 1401 2198 τέθεικεν,

286 2231 407 2295 ὕστατα
440 2233 496 2296 καὶ
525 2238 670 2316 πόματα.
699 2232 759 2319 (P).
790 2271 835 2281 —
866 2234 916 2298 Ad
948 2232 978 2297 δ.
1007 2236 1080 2298 794.
1104 2234 1170 2297 ὃτι
1195 2234 1295 2308 οὕτως
1319 2232 1355 2321 (i.
1378 2259 1404 2300 e.

286 2344 390 2436 ἅψεα)
422 2344 509 2424 λέγει
542 2348 600 2420 τάς
633 2348 780 2428 συναφὰς
808 2351 875 2412 τῶν
898 2345 1019 2430 μελῶν,
1046 2347 1083 2412 οὐ
1107 2350 1149 2411 τά
1172 2345 1265 2430 μέλη.
1289 2385 1333 2395 —-
1357 2349 1407 2414 Ad

288 2483 311 2521 ι.
338 2462 410 2524 328.
443 2461 487 2535 ιάς
519 2457 550 2523 δ’
582 2459 630 2522 ὅτ’
662 2458 822 2543 ὀπωρινὸς
853 2459 985 2545 βορέης]
1019 2461 1085 2524 ὅτι
1108 2461 1189 2542 άμα,
1215 2459 1264 2524 έτι
1289 2458 1324 2524 δέ
1349 2463 1404 2524 καὶ

286 2576 363 2656 πρὸς
386 2573 422 2636 τὸ
448 2571 582 2638 εὔκολον
608 2579 663 2655 τῆς
688 2579 841 2653 κινήσεως
863 2581 885 2656 η
907 2576 1004 2639 εἰκών
1031 2573 1070 2663 ¹).
1095 2612 1139 2622 -
1158 2575 1207 2637 Ad
1232 2572 1260 2648 ζ.
1288 2577 1317 2636 8.
1338 2573 1403 2638 δτι

286 2688 408 2771 Σχερία
432 2687 611 2769 ὠνομάσθη
634 2691 739 2767 ἡτῶν
765 2689 922 2752 Φαιάκων
947 2692 988 2767 νῆ
1012 2688 1068 2750 καὶ
1093 2685 1130 2750 οὐ
1155 2685 1322 2771 Κέρκυρα,
1348 2689 1402 2749 καὶ

285 2800 333 2864 ὅτι
365 2799 427 2874 έξω
458 2805 515 2880 τῆς
546 2806 627 2863 καθ’
658 2806 741 2882 ήμάς
773 2797 976 2883 οἰκουμένης.
1010 2798 1134 2888 (EPQ).
1167 2800 1281 2865 Eadem
1304 2801 1405 2866 omnia

283 2912 423 2998 leguntur
452 2914 490 2979 od
523 2913 549 2989 ζ.
584 2917 647 2978 204
681 2913 789 3001 (Dind.
821 2937 850 3000 p.
884 2917 958 2991 311,
992 2915 1058 3000 31).
1091 2912 1154 2978 Ofr.
1186 2913 1225 2978 de
1251 2913 1342 2993 notis,
1367 2915 1404 2979 ad

283 3025 400 3111 Ulyssis
431 3049 545 3092 errores
575 3025 806 3114 pertinentibus,
838 3027 943 3092 Lehrs.
975 3026 1069 3092 Anist.
1102 3051 1131 3114 p.
1159 3030 1223 3092 244
1252 3050 1334 3112 seqq.
1359 3065 1403 3075 -

282 3139 331 3202 Ad
361 3138 390 3214 ζ.
418 3145 469 3204 98.
501 3141 568 3204 ὅτι
600 3142 655 3204 καὶ
680 3143 721 3204 τά
745 3143 883 3204 τοιαῦτα
907 3147 1006 3225 τηρεῖ,
1032 3144 1067 3205 τὸ
1090 3143 1151 3224 μέν
1176 3143 1237 3225 γάρ
1262 3143 1297 3206 ἐν
1320 3137 1402 3224 η’λίῳ

273 3249 421 3337 ·ξηράναι
453 3251 696 3338 τιρσῆναιλένιι
728 3261 784 3319 eto.
808 3291 852 3302 —
875 3255 925 3319 Ad
949 3254 978 3330 ζ.
1001 3259 1075 3320 165.
1099 3257 1165 3319 ὅτι
1190 3255 1248 3319 οὐκ
1274 3249 1403 3320 οἷδινό

280 3370 416 3448 ποιητὴς
436 3366 472 3429 τὸ
491 3364 609 3449 μέλλεν
631 3374 688 3432 etc.
711 3389 787 3451 qnae
799 3367 907 3431 melion
919 3368 1055 3455 exposita
1065 3376 1138 3433 snnt
1149 3391 1178 3455 p.
1192 3369 1278 3434 411.
1294 3371 1344 3431 24.
1358 3407 1402 3416 -

279 3479 328 3543 Ad
352 3478 380 3553 ζ.
408 3483 480 3544 250.
506 3482 571 3543 ὅτι
596 3483 633 3544 έν
658 3485 737 3544 πάσι
763 3479 909 3565 φέρεται,
942 3482 1028 3566 ἐμοῦ,
1057 3478 1130 3544 ἀλλ’
1151 3481 1222 3559 οὐκ,
1246 3482 1343 3563 έμεῠῖ
1358 3521 1402 3530 -

277 3592 326 3656 Ad
360 3591 389 3666 ζ.
423 3596 496 3656 258.
528 3594 594 3657 ὅτι
626 3592 702 3659 άντλ
735 3597 791 3658 τοῦ
823 3597 1063 3678 προστακτικοῦ
1094 3599 1151 3658 τοῦ
1183 3592 1255 3678 έρδε
1280 3593 1401 3683 (nempe

278 3703 384 3789 έρδιιν
416 3706 562 3793 seriptum
592 3707 661 3793 est).
692 3743 737 3754 -—
767 3707 817 3771 Ad
848 3732 880 3789 η.
906 3712 936 3770 8.
960 3708 1026 3770 ὅτι
1051 3704 1255 3772 συνέστειλεν
1280 3712 1399 3783 Ἰακῶς

279 3817 400 3907 (nempe
422 3819 578 3904 άπειραίη
601 3843 655 3907 pro
677 3823 873 3905 ἠπειρωτικη
898 3821 1055 3907 positum).
1077 3857 1120 3869 —
1138 3820 1188 3884 Ad
1208 3846 1239 3902 η.
1256 3824 1307 3884 15.
1321 3820 1400 3885 πολ-

277 3928 338 4011 λὴν
362 3930 441 4014 ἠέρα
466 3934 552 4018 petie]
580 3933 644 3996 ὅτι
675 3941 720 4016 τῷ
745 3933 899 3998 Ὀδυσσεῖ
920 3931 1095 4017 περιέθηκε
1121 3936 1243 4018 σκότος,
1268 3933 1305 3997 οὐ
1330 3940 1398 4008 τοῖς

278 4043 437 4123 Φαίαξιν,
459 4046 502 4118 ὥς
520 4047 555 4110 ἐν
573 4049 643 4120 τοῖς
659 4045 731 4127 ἑξῆς
744 4044 943 4130 Ζηνόδοτος.
957 4046 1033 4130 (cfr.
1047 4047 1140 4112 advo.
1154 4051 1194 4111 41
1208 4053 1239 4111 et
1252 4048 1341 4133 140).
1354 4084 1398 4096 -—

309 4352 463 4414 1)1ὀι1οιτότ
487 4352 575 4406 scholii
597 4369 660 4421 pm,
685 4353 728 4405 ἔτι
752 4353 784 4403 δὲ
809 4357 856 4404 καὶ
879 4357 923 4406 oto.
944 4353 1072 4406 Aristonici
1088 4355 1185 4405 fortem
1201 4368 1249 4404 non
1265 4355 1307 4405 est.
1326 4356 1398 4416 Nom,

276 4443 373 4494 lemnio
389 4447 491 4505 auctore,
508 4444 582 4494 Arist.
600 4461 625 4510 p.
644 4445 676 4494 28
693 4445 729 4495 od.
747 4446 801 4495 2··=
826 4446 924 4510 „centio
941 4443 1077 4504 adhibenda,
1095 4445 1125 4495 ad
1141 4460 1209 4509 quem
1226 4447 1295 4495 finem
1312 4461 1397 4498 unum·

275 4534 378 4598 quodque
395 4535 505 4588 Scholion
522 4535 622 4586 eiusdem
645 4536 745 4586 auctoris
762 4535 800 4586 sit.
818 4536 911 4586 Etenim
928 4535 968 4599 qui
984 4535 1042 4585 hoec
1056 4536 1172 4602 congemit
1184 4551 1210 4586 ee
1223 4551 1397 4604 nonnumquam

275 4625 362 4676 ratione
378 4642 431 4676 mm
448 4629 491 4686 oet,
509 4633 535 4676 ut
551 4625 629 4693 ploret
646 4626 806 4677 annotationes
823 4629 968 4678 oonneotoret
985 4641 1028 4694 per
1045 4624 1104 4678 δὲ.”
