3442 5330
821 660 839 722 7

269 845 304 909 in
327 843 492 928 Odysseam
516 843 553 908 ab
578 845 683 909 eodem
708 842 762 908 illo
785 865 848 908 esse
872 842 1004 920 collecta,
1028 843 1081 927 qui
1101 841 1191 908 etiam
1211 866 1247 908 ex
1267 850 1396 928 quatuor

270 957 480 1034 AristarcheiS,
502 958 686 1036 Aristonico,
707 956 851 1041 Didymo,
874 956 1047 1022 Herodiano
1066 965 1097 1022 et
1115 957 1276 1036 Nicanore,
1299 979 1395 1024 unum

273 1071 358 1158 quasi
389 1071 631 1136 observationum
668 1093 776 1157 corpus
806 1070 844 1133 ad
867 1071 995 1136 Iliadem
1018 1071 1155 1135 confecit.
1182 1071 1273 1141 Quod
1295 1077 1395 1137 tamen

272 1207 310 1248 an
340 1204 402 1248 non
432 1185 476 1248 ita
507 1207 571 1248 sese
600 1184 718 1263 habeat,
755 1185 821 1250 iure
843 1191 943 1271 potest
964 1184 1107 1249 dubitari.
1131 1186 1190 1250 Sed
1213 1186 1395 1250 accuratiore

272 1297 305 1360 in
335 1299 412 1362 hanc
438 1319 501 1362 rem
526 1297 726 1381 inquisitione
751 1320 833 1362 nunc
856 1299 1109 1384 supersedeamus,
1133 1297 1213 1362 Utut
1236 1305 1292 1377 est,
1315 1305 1396 1364 recte

273 1411 440 1476 adfirmavit
450 1411 595 1476 Lehrsius
611 1412 632 1475 l.
646 1434 671 1475 o.
695 1407 848 1496 „quatuor
868 1411 1047 1497 scriptorum
1067 1412 1204 1496 vestigia,
1217 1434 1397 1496 quocunque

272 1525 378 1611 pedem
400 1523 544 1609 posueris
572 1525 606 1588 in
629 1524 751 1588 scholiis
774 1522 895 1600 obvia,''
918 1524 1068 1607 habetque
1085 1525 1143 1589 sibi
1162 1525 1395 1612 adstipulantem

273 1638 474 1715 Dindorfinm,
505 1639 558 1722 qui
591 1644 692 1702 tamen
721 1637 815 1714 addit,
839 1638 969 1721 vestigia
992 1637 1043 1702 illa
1066 1639 1163 1702 multo
1185 1639 1282 1723 magis
1304 1661 1394 1723 qnam

273 1753 306 1815 in
328 1750 456 1816 Scholiis
480 1752 517 1815 ad
539 1750 668 1815 lliadem
691 1773 755 1816 esse
778 1749 944 1827 obscurata,
969 1758 1000 1814 et
1020 1751 1145 1835 Didymi
1167 1751 1395 1835 Herodianiqne

273 1865 395 1930 nomina
426 1863 548 1928 nonnisi
576 1884 642 1928 raro
667 1863 776 1928 diserte
800 1864 1034 1941 commemorari,
1058 1863 1224 1929 Aristonici
1247 1871 1278 1928 et
1301 1865 1395 1928 Nica-

273 1977 355 2040 noris
377 1999 414 2040 ex
437 1977 566 2054 Scholiis
589 1976 676 2063 plane
699 1977 865 2040 evanuisse.
892 1977 978 2047 Quae
1000 1977 1102 2042 omnia
1120 1999 1189 2041 vera
1209 1985 1297 2056 sunt3
1318 1978 1394 2042 illud

273 2112 352 2168 vero,
384 2092 465 2175 quod
489 2089 592 2154 statim
616 2089 702 2154 addit
727 2089 835 2174 (Praef.
861 2113 889 2176 p.
916 2089 1049 2175 LXXI),
1074 2091 1107 2154 in
1129 2091 1242 2155 nostris
1265 2092 1395 2156 Scholiis

276 2225 334 2284 „ne
355 2205 405 2266 ὅτι
430 2204 554 2287 quidem
576 2201 762 2290 particulam,
787 2202 825 2266 ab
849 2226 908 2287 qua
927 2203 1095 2268 Aristonici
1115 2203 1236 2268 Scholia
1255 2204 1395 2290 pleraque

275 2315 307 2380 in
328 2317 455 2382 Iliadem
486 2316 648 2402 incipiunt,
680 2323 964 2402 praeterquam
990 2317 1132 2403 paucis
1155 2317 1396 2400 quibusdam

275 2428 314 2492 in
337 2430 461 2494 locis''
485 2452 549 2495 esse
572 2429 716 2507 relictam,
740 2429 773 2494 id
796 2429 877 2494 insto
898 2429 1030 2494 cavemus
1050 2429 1166 2493 dictum
1185 2435 1240 2494 est.
1261 2429 1395 2494 Enume-

275 2550 377 2607 rantur
395 2543 429 2608 in
448 2543 564 2621 Iudice,
586 2543 642 2608 sub
662 2565 734 2608 voce
752 2543 816 2620 ὅτι,
839 2543 983 2608 tredecim
1003 2541 1073 2620 loci,
1094 2549 1396 2630 accesseruntpostea

275 2679 311 2720 ex
341 2657 534 2743 annotatione
564 2657 602 2721 ad
632 2656 853 2722 Praefationem
883 2652 925 2741 (p.
952 2653 1048 2742 nxxr)
1079 2655 1182 2718 decem
1207 2652 1245 2741 ¹),
1277 2655 1321 2718 ita
1350 2661 1395 2731 ut,

276 2769 439 2838 secundum
461 2769 663 2848 Dindorfinm,
688 2769 799 2853 viginti
820 2768 918 2832 tribus
938 2766 1036 2829 solum
1055 2767 1130 2830 locis
1145 2767 1263 2850 legatur
1281 2767 1314 2830 in
1325 2789 1395 2830 nos-

275 2882 329 2946 tris
359 2883 489 2948 Scholiis
517 2883 595 2948 illud
624 2883 686 2966 ὅτι,
711 2879 971 2947 Aristoniceornm
995 2877 1185 2944 scholiorum
1212 2879 1396 2944 certissimus

274 2995 373 3060 index.
404 2997 447 3063 llt
477 2996 589 3061 malum
620 2996 743 3074 factum,
775 2994 857 3078 quod
883 2993 916 3058 in
939 2997 1002 3057 tam
1030 2992 1101 3058 exili
1128 3015 1253 3058 numero
1279 2992 1394 3072 insunt,

275 3130 349 3191 qnae
375 3115 496 3194 propter
518 3110 569 3171 ὅτι
597 3109 634 3173 ab
657 3107 748 3173 initio
771 3107 904 3193 positum
927 3107 964 3172 ad
984 3106 1152 3172 Aristonici
1176 3106 1287 3170 scholia
1310 3106 1395 3191 equi·
1489 3111 1491 3116 '

274 3220 342 3286 dem
371 3243 446 3285 non.
463 3227 531 3285 tuto
562 3220 725 3298 retulerim,
750 3221 802 3286 sed
825 3243 901 3305 quae
923 3221 999 3285 mihi
1022 3221 1165 3286 videntur
1189 3219 1271 3284 illins
1294 3220 1394 3306 potius

273 3335 391 3416 generis
422 3355 502 3398 esse:
538 3333 612 3416 „ubi
642 3335 693 3398 ὃτι
717 3332 793 3398 illud
818 3356 854 3398 ex
877 3355 960 3399 more
983 3334 1120 3399 omnium
1144 3339 1279 3398 veterum
1302 3333 1394 3398 Scho-

273 3445 429 3510 liastarum
449 3445 539 3510 initio
558 3453 697 3510 notarum
717 3445 881 3532 positum.''
906 3445 1036 3533 (Lehrs,
1054 3446 1148 3521 Arist.
1162 3469 1191 3532 p.
1206 3449 1258 3522 14,
1271 3449 1334 3510 not.
1349 3444 1394 3534 2).

273 3558 355 3624 Nam
383 3559 452 3644 quis
483 3559 517 3624 in
547 3559 681 3626 animum
711 3559 845 3638 inducat,
869 3560 968 3644 legere
994 3581 1049 3623 nos
1068 3559 1285 3634 Aristonicum,
1309 3557 1396 3640 signa

274 3671 442 3739 Aristarchi
461 3673 670 3760 explicantem,
694 3672 729 3736 in
752 3671 873 3736 Scholio
897 3671 984 3755 quale
1006 3673 1063 3735 hoo
1086 3678 1132 3736 est
1155 3671 1202 3759 ad
1215 3694 1246 3747 y.
1274 3691 1316 3734 vs.
1342 3673 1394 3732 49.

274 3784 425 3869 ὁμηλικίη
448 3785 476 3876 ²)
498 3784 527 3849 δ’
550 3787 618 3868 ἐμοὶ
640 3785 759 3870 αὐτῷ]
782 3787 832 3848 ὅτι
853 3779 1080 3866 όΤηλέμαχος
1094 3781 1270 3864 δαιμονίως
1284 3783 1338 3844 καὶ
1355 3781 1393 3867 (l)

311 4056 330 4117 1)
350 4058 415 4116 noe,
439 4059 463 4107 n
488 4057 569 4110 raaia
592 4062 625 4122 (p.
649 4059 707 4118 aaa)
731 4056 804 4114 aaa,
828 4055 948 4120 reguntur:
973 4072 997 4120 p.
1017 4054 1074 4106 174.
1092 4055 1120 4114 a,
1145 4053 1202 4105 rra.
1222 4052 1267 4112 11;
1290 4051 1348 4109 ara,
1367 4053 1396 4108 a

275 4147 378 4206 215,15
397 4147 512 4209 (immol.
532 4148 587 4208 11);
606 4148 663 4215 262,
683 4147 728 4208 16,
747 4147 803 4204 240,
822 4147 851 4205 1;
870 4145 927 4204 252,
947 4149 962 4198 3
979 4145 1069 4208 (immo,
1088 4144 1145 4202 258,
1163 4144 1187 4200 8)
1204 4143 1228 4190 ot
1244 4140 1262 4191 1.
1279 4141 1323 4198 19;
1340 4142 1397 4200 252,

276 4237 306 4286 28
313 4261 320 4298 ;
337 4237 396 4297 271,
416 4240 447 4288 10
453 4260 461 4298 ;
481 4238 538 4296 275,
557 4238 589 4286 12
606 4239 687 4301 (immo
705 4236 722 4285 l.
743 4237 797 4298 19);
822 4235 878 4294 276,
898 4235 912 4283 9
918 4257 926 4296 3
945 4237 1002 4294 559,
1020 4235 1044 4284 4.
1062 4233 1185 4282 Adduutnr
1201 4231 1227 4280 in
1244 4229 1321 4281 Praef.
1339 4234 1398 4294 (not.

275 4327 303 4377 ad
317 4345 342 4393 p.
360 4329 453 4390 LXXI)
469 4346 494 4394 p.
513 4329 571 4386 124,
593 4329 625 4378 22
632 4350 639 4387 ;
660 4329 716 4386 146,
734 4329 767 4379 24
774 4350 780 4388 ;
799 4329 856 4387 161,
874 4327 905 4385 2,
924 4328 982 4386 401,
1001 4323 1030 4385 3)
1049 4325 1105 4383 565,
1125 4325 1154 4372 18
1160 4343 1168 4381 ;
1188 4321 1245 4382 568,
1263 4321 1303 4380 26,
1319 4321 1399 4372 deinde

275 4435 300 4482 p.
318 4421 375 4478 251,
394 4419 440 4479 27;
459 4421 515 4479 126,
535 4421 580 4480 16,
599 4420 656 4477 157,
677 4419 722 4478 22,
742 4421 799 4479 184,
817 4422 840 4470 8.
993 4425 995 4430 “

308 4507 328 4569 ²)
342 4511 410 4576 Apud
428 4512 597 4560 Buttmanuum
615 4513 639 4560 et
657 4511 810 4568 Diudorttum,
828 4523 870 4574 per
886 4509 1021 4572 typothetae
1037 4507 1086 4556 sinc
1102 4506 1172 4556 dubio
1189 4519 1301 4561 errorem,
1315 4503 1402 4573 legitur

283 4597 432 4668 ὁμηλικίην,
448 4599 564 4660 mendose,
582 4603 609 4650 ut
624 4615 652 4650 cx
669 4599 768 4654 Homeri
784 4602 849 4653 textu
869 4601 975 4664 apparet,
