3454 5330
841 663 881 724 76

299 872 411 916 nunc.
436 845 628 914 Vocabulum
646 845 724 912 illud
745 846 867 930 „nunc”
894 847 970 912 latet
1006 844 1039 912 in
1069 841 1235 932 corruptis:
1268 841 1302 906 δὲ
1339 848 1419 918 τοῖς.

299 964 515 1030 Scribendum:
552 961 663 1046 οἷμίλει
695 960 729 1028 δὲ
764 961 796 1051 (ὁ
830 960 873 1028 ἔν
900 959 1094 1050 τού)τοις
1128 961 1169 1022 τὰ
1205 961 1341 1024 τοιαῦτα
1377 960 1422 1033 εἷς

301 1082 397 1155 θεούς
421 1078 685 1163 α’πορρίψας,
709 1079 814 1161 μετὰ
838 1080 912 1159 τὴν
937 1073 1147 1158 τύφλωσιν
1167 1079 1259 1148 θεοῖς
1280 1074 1420 1160 εὔχεται.

301 1197 406 1269 Quum
435 1195 536 1260 nescio
568 1217 629 1280 quo
658 1215 765 1272 errore,
795 1213 832 1257 ex
862 1194 880 1255 o‘
910 1192 945 1256 ἐν
977 1194 1104 1265 τούτοις
1136 1189 1233 1255 solum
1255 1193 1324 1263 τοῖς
1345 1195 1424 1254 essct

300 1313 448 1391 relietum,
480 1309 684 1376 nominativus
715 1306 904 1392 ἀπορρίψας
928 1304 1176 1393 praecedentibus
1199 1310 1355 1388 utcunque
1374 1326 1422 1369 ao·

301 1425 505 1492 commodatus
527 1430 559 1490 et
580 1423 614 1488 in
636 1422 772 1488 datiuum
796 1421 914 1488 refietus
943 1428 998 1485 est.
1025 1420 1166 1486 birrorum
1187 1440 1253 1485 esse
1276 1415 1424 1503 antiquis-

301 1542 411 1606 simum
433 1540 505 1605 inde
527 1545 657 1626 apparet,
682 1538 763 1624 quod
781 1538 814 1603 in
836 1536 960 1602 duobus·
975 1534 1239 1624 praestantissimis
1259 1533 1346 1598 codd.
1359 1532 1425 1604 Ha

300 1657 384 1723 locus
414 1656 575 1724 mendosus
604 1653 726 1741 legitur.
760 1653 851 1726 Quod
882 1653 920 1718 ad
950 1651 1160 1718 stabiliendam
1181 1649 1365 1716 locutionem
1387 1652 1422 1716 ἐν

301 1776 428 1845 τούτοις
442 1770 570 1853 attinet,
595 1769 668 1835 satis
697 1769 756 1835 erit
787 1768 948 1834 adduxisse
974 1769 1083 1845 locum,
1117 1768 1225 1854 quiin
1247 1765 1360 1832 vicinia
1380 1768 1424 1834 le·

300 1889 393 1973 gitur,
425 1909 462 1951 ex
492 1885 559 1957 HQ
588 1884 625 1950 ad
649 1911 671 1946 ι.
700 1889 773 1949 228.
811 1882 960 1967 ίΰειμὲν
985 1881 1167 1949 πεισθέντα
1190 1887 1260 1959 τοῖς
1283 1883 1424 1967 ἑταίροις

302 2001 401 2075 εὐθύς
428 1998 635 2084 ἀποτρέχειν.
668 1999 719 2062 ὅτι
751 1997 786 2062 δὲ
818 1999 833 2060 ε’
844 2023 861 2063 ν
894 2002 1069 2073 τούτοις
1103 1995 1268 2074 οἰσονίτιος
1306 1995 1424 2082 ἔπραξε

302 2115 399 2190 αὐτὸς
430 2112 593 2196 ὁμολογεῖ,
619 2118 763 2198 atquem
794 2134 881 2198 saepe
906 2111 1074 2178 scholiastis
1099 2112 1134 2178 ἐν
1158 2110 1274 2187 ἄλλοις
1293 2134 1347 2200 pro
1368 2110 1426 2176 οἳλ-

303 2228 402 2314 λαχοῦ
429 2226 463 2291 in
486 2249 537 2293 ore
560 2227 610 2305 sit,
634 2226 667 2291 in
689 2225 936 2314 praecedentibus
958 2226 1020 2292 iam
1042 2227 1169 2294 ostendi.

345 2342 494 2409 Nondum
524 2364 627 2408 omnes
657 2341 690 2407 in
721 2341 813 2407 unius
836 2340 908 2407 libri
933 2341 1054 2408 scholiis
1077 2342 1198 2410 honnus
1220 2341 1425 2411 tractavimus.

301 2459 416 2524 Narrat
439 2456 574 2541 Ulysses,
600 2483 622 2518 ι.
650 2459 713 2521 345
738 2479 819 2542 seqq.
845 2479 885 2536 se,
911 2477 1005 2542 quum
1027 2479 1074 2523 res
1097 2457 1135 2523 ad
1157 2465 1326 2524 extremum
1348 2459 1426 2546 peri-

303 2572 404 2638 culum
426 2571 604 2660 pervenerit,
628 2570 788 2637 consilium
820 2571 941 2659 cepisse,
966 2571 1184 2660 Polyphemum
1206 2573 1276 2638 dolo
1298 2572 1426 2638 circum·

302 2686 405 2753 venire
435 2694 467 2752 et
493 2686 537 2752 sic
568 2709 605 2751 ex
635 2685 807 2752 calamitosa
835 2686 888 2752 illa
910 2709 1036 2754 caverna
1058 2686 1174 2752 exitum
1195 2708 1345 2774 quaerere.
1366 2686 1426 2772 cy-

302 2802 395 2888 clopis
425 2801 520 2886 igitur
550 2801 623 2866 sude
646 2807 794 2888 praeusta,
822 2824 891 2867 cum
922 2803 1061 2896 reducem
1090 2801 1208 2867 ebrium
1230 2801 1354 2866 reddere
1376 2825 1426 2867 eo·

302 2921 401 2979 natur.
433 2916 541 3000 Itaque
571 2937 666 3000 quum
697 2915 898 3002 Polyphemus
928 2916 966 2980 de
994 2938 1077 2982 more
1109 2917 1185 2982 duos
1214 2915 1279 2981 eins
1303 2915 1426 2982 comites

301 3028 468 3114 iugulasset
491 3050 671 3114 coenamque
694 3027 755 3094 sibi
777 3051 814 3093 ex
836 3029 875 3093 iis
899 3027 1073 3115 paravisset,

325 3143 379 3205 καί
405 3145 473 3204 τότ’
499 3139 561 3217 ἐγὼ
588 3139 715 3229 (inquit)
741 3141 909 3208 Κύκλωπα
932 3142 1122 3227 προσηύδων
1142 3145 1222 3230 ἄγχι
1243 3145 1424 3228 παραστὰς,

325 3255 492 3339 κισσύβιον
516 3255 597 3336 μετὰ
622 3255 730 3339 χερσίν
757 3253 839 3340 ἔχων
863 3253 1004 3337 μέλανος
1029 3255 1144 3322 οίνοιο.

325 3366 508 3452 ,,Κύκλωψ,
534 3372 583 3451 τῆ,
608 3368 660 3432 πίε
686 3360 790 3447 οἶνον,
817 3369 886 3434 ἐπεί
911 3374 1012 3453 φάγες
1035 3368 1199 3455 α’νΰρόμεα
1224 3369 1314 3455 κρέα.

303 3483 352 3548 Ad
373 3487 470 3547 totam
491 3480 671 3547 sententiam
695 3483 831 3550 scholion
854 3484 955 3551 estin
979 3485 1016 3563 Τ,
1040 3485 1084 3550 ita
1105 3484 1222 3549 editum
1241 3485 1280 3550 ad
1291 3508 1334 3552 vs.
1350 3488 1424 3551 345.

301 3599 361 3681 ὅρα
385 3600 445 3677 τὴν
470 3594 657 3678 εὐτολμίαν.
683 3598 721 3661 οὺ
745 3600 806 3683 γὰρ
830 3603 932 3681 μόνον
958 3601 994 3663 τὸ
1016 3596 1321 3664 κινδανιοδίοτατον
1341 3602 1425 3683 ὀρῶν
1536 3621 1541 3630 ·

302 3713 367 3776 τῶν
392 3709 529 3796 ἑταίρων
554 3709 592 3775 οὐ
616 3711 752 3796 φρίττει,
778 3711 863 3777 α’λλοί
888 3715 942 3776 καί
969 3712 1108 3796 πλησίον
1134 3710 1347 3798 προσέρχεται
1372 3715 1427 3776 ιἰαί

304 3823 517 3902 διαλέγεσθαι
549 3821 699 3908 τολμᾷ..
717 3873 750 3888 ..
783 3825 883 3891 αὐτὸν
916 3825 980 3889 α’πο
1012 3829 1116 3909 πάσης
1140 3823 1317 3900 ἐπιθέσεως
1340 3824 1428 3890 πλα-

303 3943 412 4018 νήσειν
445 3935 577 4022 ἔμελλεν
611 3940 794 4022 ἐπιφανείς.
829 3937 887 4023 οὐχ
914 3939 957 4013 ὡς
990 3937 1191 4022 optatam,
1217 3937 1291 4003 ἀλλ’
1314 3937 1427 4015 ἁπλῶς

303 4049 376 4133 ἔφη.
410 4052 516 4117 Priora
538 4052 625 4117 facile
656 4053 880 4137 intelliguntur.
913 4051 1057 4138 Erumpit
1079 4075 1187 4140 nempe
1214 4053 1373 4120 scholiasta
1393 4052 1427 4119 in

303 4164 540 4230 admirationem.
581 4165 671 4245 Vide,
711 4165 821 4250 inquit,
857 4187 932 4249 quae
963 4164 1066 4250 Ulyssi
1101 4167 1142 4232 sit
1175 4168 1316 4234 audacia!
1353 4167 1427 4234 Non

303 4277 400 4342 solum
422 4277 504 4344 enim
526 4277 678 4343 infelicem
701 4276 847 4343 comitum
869 4283 981 4342 sortem
1004 4301 1127 4346 cernens
1152 4302 1214 4346 non
1235 4279 1347 4360 horret,
1375 4281 1428 4347 sed

304 4396 335 4453 et
354 4391 477 4478 propius
497 4391 634 4456 accedere
653 4397 684 4455 ct
701 4390 833 4456 immane
860 4397 1028 4458 monstrum
1051 4393 1163 4481 alloqui
1187 4394 1286 4460 audet.
1311 4394 1428 4460 Verum

303 4503 454 4588 quomodo
476 4527 553 4588 quae
576 4504 678 4569 statim
702 4510 877 4590 sequuntur,
910 4527 979 4572 cum
1002 4507 1050 4574 his
1072 4509 1110 4573 ed
1133 4531 1225 4573 unam
1247 4508 1428 4575 sententiam

302 4615 535 4702 eonirmgantur,
576 4617 789 4686 difficillimum
823 4626 854 4683 et
886 4620 945 4688 nisi
980 4622 1085 4688 multis
1119 4621 1272 4689 vocabulis
1306 4621 1428 4690 insertis
