<?xml version="1.0" encoding="UTF-8"?>
<!DOCTYPE html PUBLIC "-//W3C//DTD XHTML 1.0 Transitional//EN"
    "http://www.w3.org/TR/xhtml1/DTD/xhtml1-transitional.dtd">
<html xmlns="http://www.w3.org/1999/xhtml" xml:lang="en" lang="en">
 <head>
  <title>
</title>
<meta http-equiv="Content-Type" content="text/html;charset=utf-8" />
  <meta name='ocr-system' content='tesseract 3.04.00' />
  <meta name='ocr-capabilities' content='ocr_page ocr_carea ocr_par ocr_line ocrx_word'/>
</head>
<body>
  <div class='ocr_page' id='page_1' title='image "./observationesad01polagoog_0125.png"; bbox 0 0 3454 5330; ppageno 0'>
   <div class='ocr_carea' id='block_1_1' title="bbox 895 686 958 746">
    <p class='ocr_par' dir='ltr' id='par_1_1' title="bbox 895 686 958 746">
     <span class='ocr_line' id='line_1_1' title="bbox 895 686 958 746; baseline -0.016 0"><span class='ocrx_word' id='word_1_1' title='bbox 895 686 958 746; x_wconf 86' lang='grc'>108</span> 
     </span>
    </p>
   </div>
   <div class='ocr_carea' id='block_1_2' title="bbox 367 863 1545 1065">
    <p class='ocr_par' dir='ltr' id='par_1_2' title="bbox 367 863 1545 1065">
     <span class='ocr_line' id='line_1_2' title="bbox 367 863 1493 936; baseline -0.004 0"><span class='ocrx_word' id='word_1_2' title='bbox 367 872 431 936; x_wconf 91' lang='lat' dir='ltr'>lion</span> <span class='ocrx_word' id='word_1_3' title='bbox 454 893 497 934; x_wconf 88' lang='lat' dir='ltr'>vs.</span> <span class='ocrx_word' id='word_1_4' title='bbox 522 873 586 934; x_wconf 72' lang='lat'>458</span> <span class='ocrx_word' id='word_1_5' title='bbox 611 869 818 935; x_wconf 87' lang='lat' dir='ltr'>collocandum</span> <span class='ocrx_word' id='word_1_6' title='bbox 842 869 942 934; x_wconf 91' lang='lat' dir='ltr'>estin</span> <span class='ocrx_word' id='word_1_7' title='bbox 965 869 1048 933; x_wconf 89' lang='lat' dir='ltr'>huuc</span> <span class='ocrx_word' id='word_1_8' title='bbox 1071 866 1211 933; x_wconf 87' lang='lat' dir='ltr'>modum:</span> <span class='ocrx_word' id='word_1_9' title='bbox 1236 891 1279 932; x_wconf 87' lang='lat' dir='ltr'>vs.</span> <span class='ocrx_word' id='word_1_10' title='bbox 1305 870 1387 931; x_wconf 75' lang='lat'>458:</span> <span class='ocrx_word' id='word_1_11' title='bbox 1413 863 1493 931; x_wconf 80' lang='grc' dir='ltr'><strong><em>οἷθε-</em></strong></span> 
     </span>
     <span class='ocr_line' id='line_1_3' title="bbox 369 964 1545 1065; baseline -0.005 -16"><span class='ocrx_word' id='word_1_12' title='bbox 369 991 472 1049; x_wconf 64' lang='lat' dir='ltr'>vetrae</span> <span class='ocrx_word' id='word_1_13' title='bbox 498 983 553 1048; x_wconf 78' lang='grc' dir='ltr'>διὰ</span> <span class='ocrx_word' id='word_1_14' title='bbox 578 984 614 1046; x_wconf 82' lang='grc' dir='ltr'>τὸ</span> <span class='ocrx_word' id='word_1_15' title='bbox 642 984 758 1065; x_wconf 80' lang='grc' dir='ltr'><strong><em>εὔηθες</em></strong></span> <span class='ocrx_word' id='word_1_16' title='bbox 782 986 848 1046; x_wconf 71' lang='lat' dir='ltr'>uri.</span> <span class='ocrx_word' id='word_1_17' title='bbox 878 983 932 1046; x_wconf 89' lang='lat' dir='ltr'>Vs.</span> <span class='ocrx_word' id='word_1_18' title='bbox 958 987 1021 1047; x_wconf 75' lang='lat'>459</span> <span class='ocrx_word' id='word_1_19' title='bbox 1045 989 1076 1047; x_wconf 87' lang='lat' dir='ltr'>et</span> <span class='ocrx_word' id='word_1_20' title='bbox 1099 985 1180 1046; x_wconf 77' lang='lat'>460:</span> <span class='ocrx_word' id='word_1_21' title='bbox 1206 979 1280 1046; x_wconf 80' lang='grc' dir='ltr'><strong><em>οὐδὲ</em></strong></span> <span class='ocrx_word' id='word_1_22' title='bbox 1305 964 1394 1045; x_wconf 80' lang='grc' dir='ltr'><strong><em>οὗτοι</em></strong></span> <span class='ocrx_word' id='word_1_23' title='bbox 1420 979 1494 1063; x_wconf 78' lang='grc' dir='ltr'><strong><em>ε’φέ-</em></strong></span> <span class='ocrx_word' id='word_1_24' title='bbox 1541 971 1545 976; x_wconf 45' lang='grc'><strong><em>’</em></strong></span> 
     </span>
    </p>
   </div>
   <div class='ocr_carea' id='block_1_3' title="bbox 272 1093 1561 4712">
    <p class='ocr_par' dir='ltr' id='par_1_3' title="bbox 367 1093 1561 3122">
     <span class='ocr_line' id='line_1_4' title="bbox 368 1093 1490 1184; baseline -0.007 -20"><span class='ocrx_word' id='word_1_25' title='bbox 368 1123 464 1184; x_wconf 84' lang='grc' dir='ltr'><strong><em>ροντο</em></strong></span> <span class='ocrx_word' id='word_1_26' title='bbox 497 1098 532 1161; x_wconf 80' lang='grc' dir='ltr'>ἒν</span> <span class='ocrx_word' id='word_1_27' title='bbox 565 1103 632 1170; x_wconf 82' lang='grc' dir='ltr'><strong><em>τοῖς</em></strong></span> <span class='ocrx_word' id='word_1_28' title='bbox 663 1094 840 1176; x_wconf 80' lang='grc' dir='ltr'><strong><em>πλείστοις,</em></strong></span> <span class='ocrx_word' id='word_1_29' title='bbox 874 1098 917 1171; x_wconf 78' lang='grc' dir='ltr'>ὥς</span> <span class='ocrx_word' id='word_1_30' title='bbox 947 1100 1124 1182; x_wconf 83' lang='grc' dir='ltr'><strong><em>μαχόμενοι</em></strong></span> <span class='ocrx_word' id='word_1_31' title='bbox 1161 1102 1229 1170; x_wconf 82' lang='grc' dir='ltr'><strong><em>τοῖς</em></strong></span> <span class='ocrx_word' id='word_1_32' title='bbox 1254 1093 1490 1180; x_wconf 73' lang='grc' dir='ltr'><strong><em>προκειμένοις.</em></strong></span> 
     </span>
     <span class='ocr_line' id='line_1_5' title="bbox 369 1211 1494 1300; baseline 0 -22"><span class='ocrx_word' id='word_1_33' title='bbox 369 1213 447 1278; x_wconf 86' lang='lat' dir='ltr'>Omn</span> <span class='ocrx_word' id='word_1_34' title='bbox 470 1211 715 1300; x_wconf 77' lang='lat' dir='ltr'>praecedentibus</span> <span class='ocrx_word' id='word_1_35' title='bbox 738 1234 800 1276; x_wconf 92' lang='lat' dir='ltr'>non</span> <span class='ocrx_word' id='word_1_36' title='bbox 823 1233 986 1296; x_wconf 81' lang='lat' dir='ltr'>congruere</span> <span class='ocrx_word' id='word_1_37' title='bbox 1008 1211 1041 1276; x_wconf 93' lang='lat' dir='ltr'>hi</span> <span class='ocrx_word' id='word_1_38' title='bbox 1065 1233 1168 1277; x_wconf 90' lang='lat' dir='ltr'>versus</span> <span class='ocrx_word' id='word_1_39' title='bbox 1191 1211 1314 1277; x_wconf 86' lang='lat' dir='ltr'>fortasse</span> <span class='ocrx_word' id='word_1_40' title='bbox 1336 1214 1494 1299; x_wconf 86' lang='lat' dir='ltr'>propterea</span> 
     </span>
     <span class='ocr_line' id='line_1_6' title="bbox 369 1325 1494 1412; baseline -0.002 -20"><span class='ocrx_word' id='word_1_41' title='bbox 369 1329 520 1404; x_wconf 83' lang='lat' dir='ltr'>dicuntur,</span> <span class='ocrx_word' id='word_1_42' title='bbox 544 1326 686 1412; x_wconf 89' lang='lat' dir='ltr'>quoniam</span> <span class='ocrx_word' id='word_1_43' title='bbox 708 1325 916 1410; x_wconf 79' lang='lat' dir='ltr'>Agamemnon</span> <span class='ocrx_word' id='word_1_44' title='bbox 939 1325 1014 1390; x_wconf 91' lang='lat' dir='ltr'>scire</span> <span class='ocrx_word' id='word_1_45' title='bbox 1035 1348 1097 1390; x_wconf 92' lang='lat' dir='ltr'>non</span> <span class='ocrx_word' id='word_1_46' title='bbox 1121 1331 1247 1411; x_wconf 87' lang='lat' dir='ltr'>poterat,</span> <span class='ocrx_word' id='word_1_47' title='bbox 1268 1325 1442 1391; x_wconf 84' lang='lat' dir='ltr'>Menelaum</span> <span class='ocrx_word' id='word_1_48' title='bbox 1462 1333 1494 1391; x_wconf 89' lang='lat' dir='ltr'>et</span> 
     </span>
     <span class='ocr_line' id='line_1_7' title="bbox 368 1438 1492 1525; baseline 0 -21"><span class='ocrx_word' id='word_1_49' title='bbox 368 1442 529 1506; x_wconf 82' lang='lat' dir='ltr'>Nestorem</span> <span class='ocrx_word' id='word_1_50' title='bbox 563 1438 659 1504; x_wconf 87' lang='lat' dir='ltr'>salvos</span> <span class='ocrx_word' id='word_1_51' title='bbox 694 1439 727 1504; x_wconf 90' lang='lat' dir='ltr'>in</span> <span class='ocrx_word' id='word_1_52' title='bbox 760 1440 886 1525; x_wconf 87' lang='lat' dir='ltr'>patriam</span> <span class='ocrx_word' id='word_1_53' title='bbox 921 1439 1053 1516; x_wconf 83' lang='lat' dir='ltr'>rediisse,</span> <span class='ocrx_word' id='word_1_54' title='bbox 1088 1461 1217 1525; x_wconf 89' lang='lat' dir='ltr'>namque</span> <span class='ocrx_word' id='word_1_55' title='bbox 1246 1439 1304 1504; x_wconf 91' lang='lat' dir='ltr'>hoc</span> <span class='ocrx_word' id='word_1_56' title='bbox 1333 1439 1388 1503; x_wconf 88' lang='lat' dir='ltr'>diu</span> <span class='ocrx_word' id='word_1_57' title='bbox 1410 1446 1492 1525; x_wconf 87' lang='lat' dir='ltr'>post-</span> 
     </span>
     <span class='ocr_line' id='line_1_8' title="bbox 368 1552 1493 1640; baseline -0.003 -21"><span class='ocrx_word' id='word_1_58' title='bbox 368 1575 459 1640; x_wconf 86' lang='lat' dir='ltr'>quam</span> <span class='ocrx_word' id='word_1_59' title='bbox 492 1553 556 1640; x_wconf 90' lang='lat' dir='ltr'>ipse</span> <span class='ocrx_word' id='word_1_60' title='bbox 587 1552 702 1620; x_wconf 85' lang='lat' dir='ltr'>occisus</span> <span class='ocrx_word' id='word_1_61' title='bbox 733 1559 797 1619; x_wconf 85' lang='lat' dir='ltr'>erat</span> <span class='ocrx_word' id='word_1_62' title='bbox 826 1553 935 1630; x_wconf 89' lang='lat' dir='ltr'>evenit,</span> <span class='ocrx_word' id='word_1_63' title='bbox 967 1553 1095 1637; x_wconf 88' lang='lat' dir='ltr'>ideoque</span> <span class='ocrx_word' id='word_1_64' title='bbox 1125 1560 1205 1618; x_wconf 86' lang='lat' dir='ltr'>recte</span> <span class='ocrx_word' id='word_1_65' title='bbox 1229 1575 1333 1638; x_wconf 81' lang='lat' dir='ltr'>rogare</span> <span class='ocrx_word' id='word_1_66' title='bbox 1354 1575 1415 1618; x_wconf 94' lang='lat' dir='ltr'>non</span> <span class='ocrx_word' id='word_1_67' title='bbox 1438 1577 1493 1640; x_wconf 94' lang='lat' dir='ltr'>po·</span> 
     </span>
     <span class='ocr_line' id='line_1_9' title="bbox 368 1667 1493 1755; baseline -0.002 -21"><span class='ocrx_word' id='word_1_68' title='bbox 368 1669 439 1746; x_wconf 87' lang='lat' dir='ltr'>tuit,</span> <span class='ocrx_word' id='word_1_69' title='bbox 473 1691 547 1733; x_wconf 91' lang='lat' dir='ltr'>num</span> <span class='ocrx_word' id='word_1_70' title='bbox 579 1668 659 1734; x_wconf 91' lang='lat' dir='ltr'>filius</span> <span class='ocrx_word' id='word_1_71' title='bbox 682 1668 762 1755; x_wconf 88' lang='lat' dir='ltr'>apud</span> <span class='ocrx_word' id='word_1_72' title='bbox 784 1669 839 1732; x_wconf 88' lang='lat' dir='ltr'>hos</span> <span class='ocrx_word' id='word_1_73' title='bbox 861 1674 1004 1734; x_wconf 81' lang='lat' dir='ltr'>moretur.</span> <span class='ocrx_word' id='word_1_74' title='bbox 1029 1668 1114 1733; x_wconf 88' lang='lat' dir='ltr'>Haec</span> <span class='ocrx_word' id='word_1_75' title='bbox 1136 1668 1162 1732; x_wconf 90' lang='lat' dir='ltr'>si</span> <span class='ocrx_word' id='word_1_76' title='bbox 1189 1667 1364 1755; x_wconf 88' lang='lat' dir='ltr'>probantur,</span> <span class='ocrx_word' id='word_1_77' title='bbox 1392 1707 1435 1718; x_wconf 90' lang='lat'>-</span> <span class='ocrx_word' id='word_1_78' title='bbox 1461 1674 1493 1734; x_wconf 89' lang='lat' dir='ltr'>et</span> 
     </span>
     <span class='ocr_line' id='line_1_10' title="bbox 367 1781 1492 1869; baseline -0.003 -19"><span class='ocrx_word' id='word_1_79' title='bbox 367 1783 457 1850; x_wconf 89' lang='lat' dir='ltr'>etiam</span> <span class='ocrx_word' id='word_1_80' title='bbox 489 1782 599 1847; x_wconf 89' lang='lat' dir='ltr'>sinon</span> <span class='ocrx_word' id='word_1_81' title='bbox 622 1781 788 1869; x_wconf 71' lang='lat' dir='ltr'>probantur</span> <span class='ocrx_word' id='word_1_82' title='bbox 810 1787 842 1846; x_wconf 88' lang='lat' dir='ltr'>et</span> <span class='ocrx_word' id='word_1_83' title='bbox 864 1782 927 1846; x_wconf 87' lang='lat' dir='ltr'>sola</span> <span class='ocrx_word' id='word_1_84' title='bbox 950 1782 988 1846; x_wconf 88' lang='lat' dir='ltr'>ad</span> <span class='ocrx_word' id='word_1_85' title='bbox 1014 1805 1057 1849; x_wconf 88' lang='lat' dir='ltr'>vs.</span> <span class='ocrx_word' id='word_1_86' title='bbox 1083 1785 1147 1846; x_wconf 68' lang='lat'>458</span> <span class='ocrx_word' id='word_1_87' title='bbox 1171 1781 1313 1848; x_wconf 86' lang='lat' dir='ltr'>athetesis</span> <span class='ocrx_word' id='word_1_88' title='bbox 1336 1782 1492 1869; x_wconf 76' lang='lat' dir='ltr'>accipitur,</span> 
     </span>
     <span class='ocr_line' id='line_1_11' title="bbox 368 1895 1495 1983; baseline 0 -21"><span class='ocrx_word' id='word_1_89' title='bbox 368 1920 444 1982; x_wconf 87' lang='lat' dir='ltr'>quae</span> <span class='ocrx_word' id='word_1_90' title='bbox 475 1920 492 1961; x_wconf 89' lang='lat' dir='ltr'>a</span> <span class='ocrx_word' id='word_1_91' title='bbox 522 1895 607 1961; x_wconf 85' lang='lat' dir='ltr'>uallo</span> <span class='ocrx_word' id='word_1_92' title='bbox 637 1897 800 1982; x_wconf 87' lang='lat' dir='ltr'>interprete</span> <span class='ocrx_word' id='word_1_93' title='bbox 831 1897 863 1960; x_wconf 94' lang='lat' dir='ltr'>in</span> <span class='ocrx_word' id='word_1_94' title='bbox 887 1895 1014 1962; x_wconf 85' lang='lat' dir='ltr'>dubium</span> <span class='ocrx_word' id='word_1_95' title='bbox 1037 1903 1142 1961; x_wconf 86' lang='lat' dir='ltr'>vocata</span> <span class='ocrx_word' id='word_1_96' title='bbox 1164 1902 1219 1974; x_wconf 87' lang='lat' dir='ltr'>est,</span> <span class='ocrx_word' id='word_1_97' title='bbox 1243 1935 1288 1946; x_wconf 87' lang='lat'>-</span> <span class='ocrx_word' id='word_1_98' title='bbox 1310 1919 1371 1961; x_wconf 95' lang='lat' dir='ltr'>non</span> <span class='ocrx_word' id='word_1_99' title='bbox 1393 1903 1495 1983; x_wconf 89' lang='lat' dir='ltr'>potest</span> 
     </span>
     <span class='ocr_line' id='line_1_12' title="bbox 368 2007 1494 2095; baseline 0 -21"><span class='ocrx_word' id='word_1_100' title='bbox 368 2017 446 2074; x_wconf 87' lang='lat' dir='ltr'>stare</span> <span class='ocrx_word' id='word_1_101' title='bbox 477 2033 520 2075; x_wconf 87' lang='lat' dir='ltr'>vs.</span> <span class='ocrx_word' id='word_1_102' title='bbox 555 2012 637 2074; x_wconf 76' lang='lat'><strong>45⁷:</strong></span> <span class='ocrx_word' id='word_1_103' title='bbox 669 2007 743 2072; x_wconf 75' lang='grc' dir='ltr'>ἀλλ’</span> <span class='ocrx_word' id='word_1_104' title='bbox 774 2012 834 2086; x_wconf 73' lang='grc' dir='ltr'>ἄγε</span> <span class='ocrx_word' id='word_1_105' title='bbox 859 2033 914 2091; x_wconf 89' lang='grc' dir='ltr'>μοι</span> <span class='ocrx_word' id='word_1_106' title='bbox 939 2009 1012 2075; x_wconf 78' lang='grc' dir='ltr'><strong><em>τόδε</em></strong></span> <span class='ocrx_word' id='word_1_107' title='bbox 1037 2011 1106 2074; x_wconf 82' lang='grc' dir='ltr'><strong><em>εἰπὲ</em></strong></span> <span class='ocrx_word' id='word_1_108' title='bbox 1132 2012 1187 2075; x_wconf 81' lang='grc' dir='ltr'>καὶ</span> <span class='ocrx_word' id='word_1_109' title='bbox 1210 2009 1368 2095; x_wconf 70' lang='grc' dir='ltr'><strong><em>ἀτρεκέως</em></strong></span> <span class='ocrx_word' id='word_1_110' title='bbox 1392 2015 1494 2074; x_wconf 82' lang='grc' dir='ltr'><strong><em>κοιτά-</em></strong></span> 
     </span>
     <span class='ocr_line' id='line_1_13' title="bbox 369 2121 1495 2212; baseline 0.004 -26"><span class='ocrx_word' id='word_1_111' title='bbox 369 2121 476 2200; x_wconf 79' lang='grc' dir='ltr'><strong><em>λεξον,</em></strong></span> <span class='ocrx_word' id='word_1_112' title='bbox 502 2145 572 2187; x_wconf 89' lang='lat' dir='ltr'>nam</span> <span class='ocrx_word' id='word_1_113' title='bbox 594 2145 691 2207; x_wconf 89' lang='lat' dir='ltr'>neque</span> <span class='ocrx_word' id='word_1_114' title='bbox 713 2121 858 2208; x_wconf 87' lang='lat' dir='ltr'>coniungi</span> <span class='ocrx_word' id='word_1_115' title='bbox 881 2129 949 2210; x_wconf 87' lang='lat' dir='ltr'>apte</span> <span class='ocrx_word' id='word_1_116' title='bbox 971 2130 1071 2210; x_wconf 90' lang='lat' dir='ltr'>potest</span> <span class='ocrx_word' id='word_1_117' title='bbox 1094 2147 1180 2189; x_wconf 87' lang='lat' dir='ltr'>cnm:</span> <span class='ocrx_word' id='word_1_118' title='bbox 1205 2129 1310 2205; x_wconf 83' lang='grc' dir='ltr'><strong><em>ἦπου</em></strong></span> <span class='ocrx_word' id='word_1_119' title='bbox 1330 2126 1495 2212; x_wconf 81' lang='grc' dir='ltr'><strong><em>ἐν’θρχο-</em></strong></span> 
     </span>
     <span class='ocr_line' id='line_1_14' title="bbox 367 2237 1495 2324; baseline 0.004 -24"><span class='ocrx_word' id='word_1_120' title='bbox 367 2244 454 2320; x_wconf 78' lang='grc' dir='ltr'>μενῴ</span> <span class='ocrx_word' id='word_1_121' title='bbox 487 2239 568 2316; x_wconf 62' lang='grc' dir='ltr'>καί,</span> <span class='ocrx_word' id='word_1_122' title='bbox 600 2258 665 2314; x_wconf 89' lang='lat' dir='ltr'>neo,</span> <span class='ocrx_word' id='word_1_123' title='bbox 700 2238 725 2300; x_wconf 88' lang='lat' dir='ltr'>si</span> <span class='ocrx_word' id='word_1_124' title='bbox 755 2259 821 2301; x_wconf 89' lang='lat' dir='ltr'>mea</span> <span class='ocrx_word' id='word_1_125' title='bbox 848 2237 997 2303; x_wconf 88' lang='lat' dir='ltr'>sententia</span> <span class='ocrx_word' id='word_1_126' title='bbox 1020 2238 1104 2317; x_wconf 87' lang='lat' dir='ltr'>vicit,</span> <span class='ocrx_word' id='word_1_127' title='bbox 1128 2261 1196 2304; x_wconf 88' lang='lat' dir='ltr'>oum</span> <span class='ocrx_word' id='word_1_128' title='bbox 1220 2238 1257 2303; x_wconf 82' lang='grc' dir='ltr'>οὐ</span> <span class='ocrx_word' id='word_1_129' title='bbox 1282 2243 1343 2324; x_wconf 74' lang='grc' dir='ltr'>γάρ</span> <span class='ocrx_word' id='word_1_130' title='bbox 1368 2265 1418 2304; x_wconf 85' lang='grc' dir='ltr'>πω</span> <span class='ocrx_word' id='word_1_131' title='bbox 1442 2240 1495 2305; x_wconf 78' lang='grc' dir='ltr'>τί-</span> 
     </span>
     <span class='ocr_line' id='line_1_15' title="bbox 371 2350 1561 2439; baseline 0.007 -27"><span class='ocrx_word' id='word_1_132' title='bbox 371 2357 494 2433; x_wconf 75' lang='grc' dir='ltr'><strong><em>θνηκεν</em></strong></span> <span class='ocrx_word' id='word_1_133' title='bbox 521 2353 586 2414; x_wconf 79' lang='grc' dir='ltr'>κτὲ.</span> <span class='ocrx_word' id='word_1_134' title='bbox 620 2350 764 2437; x_wconf 79' lang='lat' dir='ltr'>Suspicor</span> <span class='ocrx_word' id='word_1_135' title='bbox 785 2350 889 2437; x_wconf 86' lang='lat' dir='ltr'>itaque</span> <span class='ocrx_word' id='word_1_136' title='bbox 912 2373 967 2438; x_wconf 94' lang='lat' dir='ltr'>pro</span> <span class='ocrx_word' id='word_1_137' title='bbox 988 2375 1023 2416; x_wconf 89' lang='lat' dir='ltr'>oo</span> <span class='ocrx_word' id='word_1_138' title='bbox 1046 2352 1139 2419; x_wconf 86' lang='lat' dir='ltr'>fuisse</span> <span class='ocrx_word' id='word_1_139' title='bbox 1163 2353 1331 2439; x_wconf 85' lang='lat' dir='ltr'>antiquitus</span> <span class='ocrx_word' id='word_1_140' title='bbox 1353 2354 1493 2433; x_wconf 88' lang='lat' dir='ltr'>eundem,</span> <span class='ocrx_word' id='word_1_141' title='bbox 1556 2368 1561 2374; x_wconf 87' lang='lat'>&#39;</span> 
     </span>
     <span class='ocr_line' id='line_1_16' title="bbox 370 2465 1492 2552; baseline 0.001 -23"><span class='ocrx_word' id='word_1_142' title='bbox 370 2465 422 2552; x_wconf 94' lang='lat' dir='ltr'>qui</span> <span class='ocrx_word' id='word_1_143' title='bbox 452 2465 541 2552; x_wconf 90' lang='lat' dir='ltr'>paulo</span> <span class='ocrx_word' id='word_1_144' title='bbox 571 2470 639 2551; x_wconf 87' lang='lat' dir='ltr'>post</span> <span class='ocrx_word' id='word_1_145' title='bbox 670 2465 702 2528; x_wconf 91' lang='lat' dir='ltr'>in</span> <span class='ocrx_word' id='word_1_146' title='bbox 733 2465 861 2530; x_wconf 84' lang='lat' dir='ltr'>Achillis</span> <span class='ocrx_word' id='word_1_147' title='bbox 886 2467 1061 2550; x_wconf 83' lang='lat' dir='ltr'>quaestione</span> <span class='ocrx_word' id='word_1_148' title='bbox 1085 2467 1231 2532; x_wconf 85' lang='lat' dir='ltr'>occurrit:</span> <span class='ocrx_word' id='word_1_149' title='bbox 1256 2466 1330 2532; x_wconf 71' lang='lat' dir='ltr'>aar</span> <span class='ocrx_word' id='word_1_150' title='bbox 1353 2471 1413 2545; x_wconf 75' lang='grc' dir='ltr'>ἄγε</span> <span class='ocrx_word' id='word_1_151' title='bbox 1437 2494 1492 2551; x_wconf 89' lang='grc' dir='ltr'>μοι</span> 
     </span>
     <span class='ocr_line' id='line_1_17' title="bbox 369 2567 1493 2670; baseline 0.006 -28"><span class='ocrx_word' id='word_1_152' title='bbox 369 2581 425 2642; x_wconf 81' lang='grc' dir='ltr'>τοῦ</span> <span class='ocrx_word' id='word_1_153' title='bbox 458 2576 576 2653; x_wconf 85' lang='grc' dir='ltr'><strong><em>παιδὸς</em></strong></span> <span class='ocrx_word' id='word_1_154' title='bbox 607 2579 732 2657; x_wconf 68' lang='lat' dir='ltr'>dycaeo</span> <span class='ocrx_word' id='word_1_155' title='bbox 763 2567 1030 2661; x_wconf 39' lang='lat' dir='ltr'>pitcv‘r&#39;m&#39;crrae</span> <span class='ocrx_word' id='word_1_156' title='bbox 1055 2581 1110 2667; x_wconf 81' lang='lat' dir='ltr'>(vs,</span> <span class='ocrx_word' id='word_1_157' title='bbox 1135 2583 1223 2669; x_wconf 76' lang='lat'>492),</span> <span class='ocrx_word' id='word_1_158' title='bbox 1247 2583 1301 2668; x_wconf 86' lang='lat' dir='ltr'>qui</span> <span class='ocrx_word' id='word_1_159' title='bbox 1324 2583 1349 2650; x_wconf 88' lang='lat' dir='ltr'>si</span> <span class='ocrx_word' id='word_1_160' title='bbox 1372 2589 1493 2670; x_wconf 89' lang='lat' dir='ltr'>propter</span> 
     </span>
     <span class='ocr_line' id='line_1_18' title="bbox 369 2693 1492 2783; baseline 0.004 -25"><span class='ocrx_word' id='word_1_161' title='bbox 369 2693 491 2759; x_wconf 91' lang='lat' dir='ltr'>initium</span> <span class='ocrx_word' id='word_1_162' title='bbox 514 2694 551 2758; x_wconf 90' lang='lat' dir='ltr'>ab</span> <span class='ocrx_word' id='word_1_163' title='bbox 575 2694 698 2779; x_wconf 86' lang='lat' dir='ltr'>antiquo</span> <span class='ocrx_word' id='word_1_164' title='bbox 726 2695 855 2780; x_wconf 87' lang='lat' dir='ltr'>quodam</span> <span class='ocrx_word' id='word_1_165' title='bbox 879 2696 942 2761; x_wconf 89' lang='lat' dir='ltr'>sive</span> <span class='ocrx_word' id='word_1_166' title='bbox 963 2695 1060 2761; x_wconf 85' lang='lat' dir='ltr'>scriba</span> <span class='ocrx_word' id='word_1_167' title='bbox 1082 2696 1145 2763; x_wconf 87' lang='lat' dir='ltr'>sive</span> <span class='ocrx_word' id='word_1_168' title='bbox 1168 2696 1315 2783; x_wconf 88' lang='lat' dir='ltr'>rhapsodo</span> <span class='ocrx_word' id='word_1_169' title='bbox 1337 2698 1370 2763; x_wconf 90' lang='lat' dir='ltr'>in</span> <span class='ocrx_word' id='word_1_170' title='bbox 1392 2699 1492 2763; x_wconf 91' lang='lat' dir='ltr'>notio-</span> 
     </span>
     <span class='ocr_line' id='line_1_19' title="bbox 369 2805 1492 2891; baseline 0.005 -19"><span class='ocrx_word' id='word_1_171' title='bbox 369 2831 430 2872; x_wconf 88' lang='lat' dir='ltr'>rem</span> <span class='ocrx_word' id='word_1_172' title='bbox 459 2808 557 2872; x_wconf 87' lang='lat' dir='ltr'>hunc:</span> <span class='ocrx_word' id='word_1_173' title='bbox 591 2805 754 2884; x_wconf 10' lang='lat' dir='ltr'>a’tr’fflayf</span> <span class='ocrx_word' id='word_1_174' title='bbox 785 2835 839 2891; x_wconf 80' lang='grc' dir='ltr'>μοι</span> <span class='ocrx_word' id='word_1_175' title='bbox 874 2807 946 2873; x_wconf 86' lang='grc' dir='ltr'><strong><em>τόδε</em></strong></span> <span class='ocrx_word' id='word_1_176' title='bbox 976 2807 1045 2873; x_wconf 79' lang='grc' dir='ltr'><strong><em>εἶπέ</em></strong></span> <span class='ocrx_word' id='word_1_177' title='bbox 1071 2814 1137 2872; x_wconf 79' lang='grc' dir='ltr'>κτὲ.</span> <span class='ocrx_word' id='word_1_178' title='bbox 1163 2816 1241 2876; x_wconf 88' lang='lat' dir='ltr'>esset</span> <span class='ocrx_word' id='word_1_179' title='bbox 1263 2834 1432 2890; x_wconf 86' lang='lat' dir='ltr'>conversus,</span> <span class='ocrx_word' id='word_1_180' title='bbox 1455 2819 1492 2877; x_wconf 90' lang='lat' dir='ltr'>ut</span> 
     </span>
     <span class='ocr_line' id='line_1_20' title="bbox 368 2921 1493 3012; baseline 0.004 -27"><span class='ocrx_word' id='word_1_181' title='bbox 368 2921 512 2986; x_wconf 87' lang='lat' dir='ltr'>orationis</span> <span class='ocrx_word' id='word_1_182' title='bbox 542 2943 637 2986; x_wconf 82' lang='lat' dir='ltr'>nexus</span> <span class='ocrx_word' id='word_1_183' title='bbox 669 2929 819 2987; x_wconf 88' lang='lat' dir='ltr'>constaret</span> <span class='ocrx_word' id='word_1_184' title='bbox 840 2923 874 2988; x_wconf 95' lang='lat' dir='ltr'>hi</span> <span class='ocrx_word' id='word_1_185' title='bbox 897 2945 1000 2989; x_wconf 86' lang='lat' dir='ltr'>versus</span> <span class='ocrx_word' id='word_1_186' title='bbox 1023 2923 1184 2990; x_wconf 88' lang='lat' dir='ltr'>adiiciendi</span> <span class='ocrx_word' id='word_1_187' title='bbox 1207 2932 1300 3003; x_wconf 89' lang='lat' dir='ltr'>erant,</span> <span class='ocrx_word' id='word_1_188' title='bbox 1325 2948 1400 3012; x_wconf 89' lang='lat' dir='ltr'>quos</span> <span class='ocrx_word' id='word_1_189' title='bbox 1423 2948 1493 2991; x_wconf 90' lang='lat' dir='ltr'>cum</span> 
     </span>
     <span class='ocr_line' id='line_1_21' title="bbox 369 3034 1012 3122; baseline 0.003 -24"><span class='ocrx_word' id='word_1_190' title='bbox 369 3034 528 3098; x_wconf 79' lang='lat' dir='ltr'>scholiasta</span> <span class='ocrx_word' id='word_1_191' title='bbox 551 3034 702 3099; x_wconf 90' lang='lat' dir='ltr'>eiecimus.</span> <span class='ocrx_word' id='word_1_192' title='bbox 729 3037 785 3118; x_wconf 85' lang='lat' dir='ltr'>(vs.</span> <span class='ocrx_word' id='word_1_193' title='bbox 812 3039 1012 3122; x_wconf 77' lang='lat' dir='ltr'>css-460).</span> 
     </span>
    </p>

    <p class='ocr_par' dir='ltr' id='par_1_4' title="bbox 366 3146 1492 3575">
     <span class='ocr_line' id='line_1_22' title="bbox 412 3146 1491 3238; baseline 0.005 -28"><span class='ocrx_word' id='word_1_194' title='bbox 412 3146 462 3210; x_wconf 81' lang='lat' dir='ltr'>Ad</span> <span class='ocrx_word' id='word_1_195' title='bbox 486 3171 517 3210; x_wconf 85' lang='grc' dir='ltr'>α.</span> <span class='ocrx_word' id='word_1_196' title='bbox 544 3150 626 3210; x_wconf 72' lang='lat'>424:</span> <span class='ocrx_word' id='word_1_197' title='bbox 652 3152 735 3210; x_wconf 83' lang='grc' dir='ltr'><strong><em>τοῖσι</em></strong></span> <span class='ocrx_word' id='word_1_198' title='bbox 762 3146 796 3237; x_wconf 90' lang='lat' dir='ltr'>(i.</span> <span class='ocrx_word' id='word_1_199' title='bbox 822 3172 847 3212; x_wconf 89' lang='lat' dir='ltr'>e.</span> <span class='ocrx_word' id='word_1_200' title='bbox 871 3150 1065 3238; x_wconf 80' lang='grc' dir='ltr'><strong><em>μνηστῆρσι)</em></strong></span> <span class='ocrx_word' id='word_1_201' title='bbox 1090 3148 1124 3213; x_wconf 79' lang='grc' dir='ltr'>δὲ</span> <span class='ocrx_word' id='word_1_202' title='bbox 1147 3149 1370 3234; x_wconf 72' lang='grc' dir='ltr'><strong><em>τερπομένοισι</em></strong></span> <span class='ocrx_word' id='word_1_203' title='bbox 1390 3149 1491 3234; x_wconf 79' lang='grc' dir='ltr'><strong><em>μέλος</em></strong></span> 
     </span>
     <span class='ocr_line' id='line_1_23' title="bbox 369 3253 1492 3350; baseline 0.007 -28"><span class='ocrx_word' id='word_1_204' title='bbox 369 3253 790 3350; x_wconf 50' lang='grc' dir='ltr'><strong><em>ἐπὶὲσπεροςῆλθενᾸΙδῖὴ</em></strong></span> <span class='ocrx_word' id='word_1_205' title='bbox 813 3265 907 3325; x_wconf 85' lang='grc' dir='ltr'><strong><em>τότε</em></strong></span> <span class='ocrx_word' id='word_1_206' title='bbox 929 3263 1211 3337; x_wconf 74' lang='grc' dir='ltr'><strong><em>κακκείοντες</em></strong></span> <span class='ocrx_word' id='word_1_207' title='bbox 1231 3263 1335 3350; x_wconf 74' lang='grc' dir='ltr'><strong><em>ἔβαν</em></strong></span> <span class='ocrx_word' id='word_1_208' title='bbox 1354 3258 1492 3330; x_wconf 81' lang='grc' dir='ltr'><strong><em>οἶκόν-</em></strong></span> 
     </span>
     <span class='ocr_line' id='line_1_24' title="bbox 368 3370 1492 3460; baseline 0.005 -24"><span class='ocrx_word' id='word_1_209' title='bbox 368 3371 408 3436; x_wconf 79' lang='grc' dir='ltr'>δε</span> <span class='ocrx_word' id='word_1_210' title='bbox 433 3370 629 3452; x_wconf 70' lang='grc' dir='ltr'><strong><em>ἕκαστος,</em></strong></span> <span class='ocrx_word' id='word_1_211' title='bbox 655 3381 701 3439; x_wconf 87' lang='lat' dir='ltr'>est</span> <span class='ocrx_word' id='word_1_212' title='bbox 720 3373 855 3440; x_wconf 88' lang='lat' dir='ltr'>scholion</span> <span class='ocrx_word' id='word_1_213' title='bbox 878 3376 911 3441; x_wconf 89' lang='lat' dir='ltr'>in</span> <span class='ocrx_word' id='word_1_214' title='bbox 933 3375 1109 3448; x_wconf 72' lang='lat' dir='ltr'>EHMQR:</span> <span class='ocrx_word' id='word_1_215' title='bbox 1135 3375 1218 3441; x_wconf 72' lang='grc' dir='ltr'><strong><em>ἔνιοι</em></strong></span> <span class='ocrx_word' id='word_1_216' title='bbox 1244 3376 1305 3460; x_wconf 67' lang='lat' dir='ltr'>„ih</span> <span class='ocrx_word' id='word_1_217' title='bbox 1329 3379 1400 3442; x_wconf 87' lang='grc' dir='ltr'><strong><em>τότε</em></strong></span> <span class='ocrx_word' id='word_1_218' title='bbox 1426 3404 1492 3442; x_wconf 90' lang='grc' dir='ltr'><strong><em>κοι-</em></strong></span> 
     </span>
     <span class='ocr_line' id='line_1_25' title="bbox 366 3486 1489 3575; baseline 0.006 -24"><span class='ocrx_word' id='word_1_219' title='bbox 366 3487 591 3571; x_wconf 40' lang='grc' dir='ltr'><strong><em>μήσαντοικαὶ</em></strong></span> <span class='ocrx_word' id='word_1_220' title='bbox 615 3487 721 3552; x_wconf 81' lang='grc' dir='ltr'><strong><em>ὕπνον</em></strong></span> <span class='ocrx_word' id='word_1_221' title='bbox 747 3486 851 3574; x_wconf 78' lang='grc' dir='ltr'><strong><em>δῶρον</em></strong></span> <span class='ocrx_word' id='word_1_222' title='bbox 875 3487 1025 3555; x_wconf 71' lang='grc' dir='ltr'><strong><em>ἕλοντο.”</em></strong></span> <span class='ocrx_word' id='word_1_223' title='bbox 1049 3497 1318 3574; x_wconf 79' lang='grc' dir='ltr'><strong><em>μεταποιηθῆνοιι</em></strong></span> <span class='ocrx_word' id='word_1_224' title='bbox 1341 3490 1376 3555; x_wconf 79' lang='grc' dir='ltr'>δέ</span> <span class='ocrx_word' id='word_1_225' title='bbox 1389 3515 1489 3575; x_wconf 85' lang='grc' dir='ltr'><strong><em>φασιν</em></strong></span> 
     </span>
    </p>

    <p class='ocr_par' dir='ltr' id='par_1_5' title="bbox 272 3600 1491 4712">
     <span class='ocr_line' id='line_1_26' title="bbox 366 3600 1491 3690; baseline 0.004 -26"><span class='ocrx_word' id='word_1_226' title='bbox 366 3602 427 3665; x_wconf 81' lang='grc' dir='ltr'>ὑπὸ</span> <span class='ocrx_word' id='word_1_227' title='bbox 464 3600 730 3687; x_wconf 80' lang='grc' dir='ltr'><strong><em>Ἀριστοφάνους</em></strong></span> <span class='ocrx_word' id='word_1_228' title='bbox 766 3603 822 3669; x_wconf 84' lang='grc' dir='ltr'>τὸν</span> <span class='ocrx_word' id='word_1_229' title='bbox 856 3605 979 3689; x_wconf 81' lang='grc' dir='ltr'><strong><em>στίχον.</em></strong></span> <span class='ocrx_word' id='word_1_230' title='bbox 1010 3604 1059 3682; x_wconf 75' lang='grc' dir='ltr'>Ιἓν</span> <span class='ocrx_word' id='word_1_231' title='bbox 1097 3604 1141 3667; x_wconf 77' lang='grc' dir='ltr'>δὲ</span> <span class='ocrx_word' id='word_1_232' title='bbox 1174 3611 1222 3688; x_wconf 80' lang='grc' dir='ltr'>τῇ</span> <span class='ocrx_word' id='word_1_233' title='bbox 1252 3603 1491 3690; x_wconf 77' lang='grc' dir='ltr'><strong><em>Ἀργολικῇ</em></strong></span> 
     </span>
     <span class='ocr_line' id='line_1_27' title="bbox 272 3697 1490 3800; baseline 0.004 -20"><span class='ocrx_word' id='word_1_234' title='bbox 272 3697 273 3700; x_wconf 17' lang='lat'>¹</span> <span class='ocrx_word' id='word_1_235' title='bbox 367 3715 521 3800; x_wconf 81' lang='grc' dir='ltr'><strong><em>προστέ</em></strong></span> <span class='ocrx_word' id='word_1_236' title='bbox 533 3717 718 3780; x_wconf 78' lang='grc' dir='ltr'><strong><em>θειται.”</em></strong></span> <span class='ocrx_word' id='word_1_237' title='bbox 750 3717 932 3784; x_wconf 86' lang='lat' dir='ltr'>Mutationis</span> <span class='ocrx_word' id='word_1_238' title='bbox 964 3740 1083 3783; x_wconf 86' lang='lat' dir='ltr'>eausam</span> <span class='ocrx_word' id='word_1_239' title='bbox 1113 3719 1191 3783; x_wconf 90' lang='lat' dir='ltr'>hanc</span> <span class='ocrx_word' id='word_1_240' title='bbox 1213 3721 1299 3783; x_wconf 84' lang='lat' dir='ltr'>affert</span> <span class='ocrx_word' id='word_1_241' title='bbox 1321 3719 1490 3797; x_wconf 69' lang='lat' dir='ltr'>Nauokius</span> 
     </span>
     <span class='ocr_line' id='line_1_28' title="bbox 366 3831 1490 3919; baseline 0.002 -23"><span class='ocrx_word' id='word_1_242' title='bbox 366 3831 520 3917; x_wconf 89' lang='lat' dir='ltr'>Aristoph.</span> <span class='ocrx_word' id='word_1_243' title='bbox 544 3831 685 3916; x_wconf 81' lang='lat' dir='ltr'>Byzantii</span> <span class='ocrx_word' id='word_1_244' title='bbox 708 3833 844 3918; x_wconf 84' lang='lat' dir='ltr'>hagmm.</span> <span class='ocrx_word' id='word_1_245' title='bbox 869 3856 898 3919; x_wconf 93' lang='lat' dir='ltr'>p.</span> <span class='ocrx_word' id='word_1_246' title='bbox 925 3835 976 3896; x_wconf 89' lang='grc'>57.</span> <span class='ocrx_word' id='word_1_247' title='bbox 998 3833 1018 3896; x_wconf 90' lang='lat' dir='ltr'>i.</span> <span class='ocrx_word' id='word_1_248' title='bbox 1042 3834 1064 3896; x_wconf 82' lang='lat' dir='ltr'>f.</span> <span class='ocrx_word' id='word_1_249' title='bbox 1086 3832 1240 3914; x_wconf 85' lang='lat' dir='ltr'>„Videtur</span> <span class='ocrx_word' id='word_1_250' title='bbox 1257 3831 1490 3918; x_wconf 78' lang='lat' dir='ltr'>igiturrlristo-</span> 
     </span>
     <span class='ocr_line' id='line_1_29' title="bbox 365 3943 1490 4031; baseline 0.003 -23"><span class='ocrx_word' id='word_1_251' title='bbox 365 3945 477 4031; x_wconf 88' lang='lat' dir='ltr'>phanes</span> <span class='ocrx_word' id='word_1_252' title='bbox 507 3943 658 4029; x_wconf 81' lang='lat' dir='ltr'>flagitasse</span> <span class='ocrx_word' id='word_1_253' title='bbox 689 3949 725 4008; x_wconf 90' lang='lat' dir='ltr'>ut</span> <span class='ocrx_word' id='word_1_254' title='bbox 755 3945 838 4031; x_wconf 85' lang='lat' dir='ltr'>proci</span> <span class='ocrx_word' id='word_1_255' title='bbox 861 3951 1021 4030; x_wconf 89' lang='lat' dir='ltr'>antequam</span> <span class='ocrx_word' id='word_1_256' title='bbox 1043 3967 1148 4010; x_wconf 86' lang='lat' dir='ltr'>somno</span> <span class='ocrx_word' id='word_1_257' title='bbox 1171 3969 1202 4012; x_wconf 92' lang='lat' dir='ltr'>se</span> <span class='ocrx_word' id='word_1_258' title='bbox 1225 3946 1340 4024; x_wconf 82' lang='lat' dir='ltr'>darent,</span> <span class='ocrx_word' id='word_1_259' title='bbox 1366 3945 1490 4011; x_wconf 87' lang='lat' dir='ltr'>domum</span> 
     </span>
     <span class='ocr_line' id='line_1_30' title="bbox 366 4056 1487 4137; baseline 0.001 -16"><span class='ocrx_word' id='word_1_260' title='bbox 366 4056 514 4133; x_wconf 83' lang='lat' dir='ltr'>abirent,&#39;&#39;</span> <span class='ocrx_word' id='word_1_261' title='bbox 548 4063 579 4120; x_wconf 88' lang='lat' dir='ltr'>et</span> <span class='ocrx_word' id='word_1_262' title='bbox 609 4056 643 4120; x_wconf 94' lang='lat' dir='ltr'>in</span> <span class='ocrx_word' id='word_1_263' title='bbox 673 4056 882 4121; x_wconf 85' lang='lat' dir='ltr'>adnotatione:</span> <span class='ocrx_word' id='word_1_264' title='bbox 916 4056 1037 4137; x_wconf 84' lang='lat' dir='ltr'>„Sohol</span> <span class='ocrx_word' id='word_1_265' title='bbox 1069 4057 1096 4121; x_wconf 81' lang='lat' dir='ltr'>ll</span> <span class='ocrx_word' id='word_1_266' title='bbox 1127 4065 1158 4124; x_wconf 86' lang='lat' dir='ltr'>et</span> <span class='ocrx_word' id='word_1_267' title='bbox 1181 4059 1211 4130; x_wconf 75' lang='lat' dir='ltr'>Q</span> <span class='ocrx_word' id='word_1_268' title='bbox 1234 4059 1365 4124; x_wconf 86' lang='lat' dir='ltr'>addunt:</span> <span class='ocrx_word' id='word_1_269' title='bbox 1392 4059 1426 4124; x_wconf 82' lang='grc' dir='ltr'>ἐν</span> <span class='ocrx_word' id='word_1_270' title='bbox 1452 4057 1487 4122; x_wconf 81' lang='grc' dir='ltr'>δὲ</span> 
     </span>
     <span class='ocr_line' id='line_1_31' title="bbox 366 4167 1490 4258; baseline 0.005 -26"><span class='ocrx_word' id='word_1_271' title='bbox 366 4179 403 4246; x_wconf 80' lang='grc' dir='ltr'>τῆ</span> <span class='ocrx_word' id='word_1_272' title='bbox 448 4168 547 4250; x_wconf 78' lang='grc' dir='ltr'><strong><em>Ἀρν.</em></strong></span> <span class='ocrx_word' id='word_1_273' title='bbox 590 4168 833 4254; x_wconf 75' lang='grc' dir='ltr'><strong><em>προστέθειτοιι.</em></strong></span> <span class='ocrx_word' id='word_1_274' title='bbox 872 4167 1000 4240; x_wconf 75' lang='lat' dir='ltr'>Quid?</span> <span class='ocrx_word' id='word_1_275' title='bbox 1044 4170 1289 4237; x_wconf 81' lang='lat' dir='ltr'>Nescimus.&#39;&#39;</span> <span class='ocrx_word' id='word_1_276' title='bbox 1324 4171 1490 4258; x_wconf 78' lang='lat' dir='ltr'>Postquam</span> 
     </span>
     <span class='ocr_line' id='line_1_32' title="bbox 365 4271 1487 4369; baseline 0.004 -23"><span class='ocrx_word' id='word_1_277' title='bbox 365 4282 524 4348; x_wconf 87' lang='lat' dir='ltr'>Nauokius</span> <span class='ocrx_word' id='word_1_278' title='bbox 548 4283 621 4347; x_wconf 90' lang='lat' dir='ltr'>haec</span> <span class='ocrx_word' id='word_1_279' title='bbox 640 4271 1016 4369; x_wconf 55' lang='lat' dir='ltr'>scripseratsaooesserunt</span> <span class='ocrx_word' id='word_1_280' title='bbox 1036 4277 1208 4350; x_wconf 80' lang='lat' dir='ltr'>collationes</span> <span class='ocrx_word' id='word_1_281' title='bbox 1228 4286 1367 4351; x_wconf 88' lang='lat' dir='ltr'>codicum</span> <span class='ocrx_word' id='word_1_282' title='bbox 1378 4285 1487 4351; x_wconf 84' lang='lat' dir='ltr'>MHR.</span> 
     </span>
     <span class='ocr_line' id='line_1_33' title="bbox 364 4395 1489 4481; baseline 0.004 -20"><span class='ocrx_word' id='word_1_283' title='bbox 364 4397 397 4461; x_wconf 90' lang='lat' dir='ltr'>in</span> <span class='ocrx_word' id='word_1_284' title='bbox 427 4395 538 4481; x_wconf 88' lang='lat' dir='ltr'>quibus</span> <span class='ocrx_word' id='word_1_285' title='bbox 567 4402 667 4461; x_wconf 90' lang='lat' dir='ltr'>tamen</span> <span class='ocrx_word' id='word_1_286' title='bbox 698 4396 775 4460; x_wconf 85' lang='lat' dir='ltr'>nihil</span> <span class='ocrx_word' id='word_1_287' title='bbox 808 4396 945 4460; x_wconf 86' lang='lat' dir='ltr'>additum</span> <span class='ocrx_word' id='word_1_288' title='bbox 976 4404 1031 4476; x_wconf 90' lang='lat' dir='ltr'>est,</span> <span class='ocrx_word' id='word_1_289' title='bbox 1059 4399 1103 4462; x_wconf 89' lang='lat' dir='ltr'>ita</span> <span class='ocrx_word' id='word_1_290' title='bbox 1133 4404 1169 4462; x_wconf 91' lang='lat' dir='ltr'>ut</span> <span class='ocrx_word' id='word_1_291' title='bbox 1199 4397 1290 4463; x_wconf 85' lang='lat' dir='ltr'>etiam</span> <span class='ocrx_word' id='word_1_292' title='bbox 1312 4398 1489 4464; x_wconf 82' lang='lat' dir='ltr'>Dindorfius</span> 
     </span>
     <span class='ocr_line' id='line_1_34' title="bbox 364 4508 1488 4595; baseline 0.004 -23"><span class='ocrx_word' id='word_1_293' title='bbox 364 4531 468 4593; x_wconf 87' lang='lat' dir='ltr'>rogare</span> <span class='ocrx_word' id='word_1_294' title='bbox 499 4514 617 4572; x_wconf 88' lang='lat' dir='ltr'>coactus</span> <span class='ocrx_word' id='word_1_295' title='bbox 649 4509 757 4573; x_wconf 84' lang='lat' dir='ltr'>fuerit:</span> <span class='ocrx_word' id='word_1_296' title='bbox 793 4508 946 4591; x_wconf 76' lang='lat' dir='ltr'>„Quidt’</span> <span class='ocrx_word' id='word_1_297' title='bbox 979 4510 1156 4575; x_wconf 89' lang='lat' dir='ltr'>Videtur</span> <span class='ocrx_word' id='word_1_298' title='bbox 1190 4511 1351 4595; x_wconf 88' lang='lat' dir='ltr'>aliquid</span> <span class='ocrx_word' id='word_1_299' title='bbox 1384 4512 1488 4576; x_wconf 86' lang='lat' dir='ltr'>exci-</span> 
     </span>
     <span class='ocr_line' id='line_1_35' title="bbox 365 4620 1487 4712; baseline 0.004 -28"><span class='ocrx_word' id='word_1_300' title='bbox 365 4620 505 4686; x_wconf 83' lang='lat' dir='ltr'>disse.&#39;&#39;</span> <span class='ocrx_word' id='word_1_301' title='bbox 538 4621 629 4697; x_wconf 75' lang='lat' dir='ltr'>Quod</span> <span class='ocrx_word' id='word_1_302' title='bbox 662 4622 736 4688; x_wconf 92' lang='lat' dir='ltr'>mibi</span> <span class='ocrx_word' id='word_1_303' title='bbox 766 4645 872 4709; x_wconf 87' lang='lat' dir='ltr'>param</span> <span class='ocrx_word' id='word_1_304' title='bbox 894 4623 1048 4712; x_wconf 88' lang='lat' dir='ltr'>probabile</span> <span class='ocrx_word' id='word_1_305' title='bbox 1077 4623 1205 4690; x_wconf 80' lang='lat' dir='ltr'>videtin.</span> <span class='ocrx_word' id='word_1_306' title='bbox 1238 4623 1361 4690; x_wconf 75' lang='lat' dir='ltr'>(leniaci</span> <span class='ocrx_word' id='word_1_307' title='bbox 1383 4625 1487 4712; x_wconf 83' lang='lat' dir='ltr'>igitur,</span> 
     </span>
    </p>
   </div>
   <div class='ocr_carea' id='block_1_4' title="bbox 0 0 1732 5330">
    <p class='ocr_par' dir='ltr' id='par_1_6' title="bbox 0 0 1732 5330">
     <span class='ocr_line' id='line_1_36' title="bbox 0 0 1732 5330; baseline 0 2"><span class='ocrx_word' id='word_1_308' title='bbox 0 0 1732 5330; x_wconf 95' lang='lat' dir='ltr'> </span> 
     </span>
    </p>
   </div>
  </div>
 </body>
</html>
