3442 5330
830 608 848 668 5

271 801 315 878 μὴ
348 799 557 880 κρατηθῆναι
591 798 650 874 τὴν
675 793 800 876 Τροίαν
826 790 903 874 πρίν
930 790 962 854 οἱ
982 792 1110 873 ἄριστοι
1136 791 1202 855 τῶν
1228 790 1398 871 (Ελλήνων

273 913 381 992 μάχην
402 913 606 988 ποιήσουσιν.
628 908 765 994 Repetiit
785 906 961 971 Dindorfius
981 905 1162 970 Buttmanni
1185 906 1294 990 (Praef.
1315 906 1398 995 xm)

274 1029 378 1086 notam
400 1022 493 1087 hanc:
520 1023 741 1104 „Scribendum
763 1021 884 1086 videtur
906 1019 1121 1105 οἷνεβίβασες
1142 1041 1323 1105 quamquam
1343 1020 1402 1084 hoc

277 1136 389 1218 „etiam
411 1136 537 1201 verbum
559 1115 597 1201 de
621 1137 740 1201 oraculo
765 1134 886 1200 aliunde
908 1134 985 1200 mihi
1006 1158 1068 1199 non
1091 1131 1230 1200 notum.''
1257 1135 1299 1220 (p.
1326 1135 1399 1197 363.

276 1251 297 1314 l.
323 1251 366 1335 8).
391 1250 487 1315 Recto
509 1251 725 1327 Buttmannus‚
750 1249 832 1333 quod
856 1249 893 1313 ad
916 1271 1050 1327 sensum3
1075 1248 1196 1326 rectius,
1221 1248 1247 1312 ei
1270 1271 1324 1334 pro
1347 1271 1400 1312 vo-

276 1363 382 1429 cabulo
412 1364 462 1429 hic
493 1371 642 1451 corrupto,
676 1363 883 1448 ἀπεβίβασε,
914 1385 977 1427 non
1007 1363 1190 1448 reposuisset
1220 1362 1303 1428 aliud
1330 1362 1399 1427 α’ν-

277 1479 420 1563 εβίβασε,
457 1479 538 1566 quod
571 1477 705 1542 eiusdem
738 1475 883 1541 momenti
914 1483 968 1553 est,
1000 1475 1035 1539 id
1065 1483 1120 1553 est,
1151 1476 1251 1541 nihili.
1283 1477 1400 1541 Iterum

276 1591 381 1656 melior
410 1592 505 1656 codex
535 1591 651 1657 veriora
682 1589 896 1677 suppeditabit.
922 1589 1106 1675 „Egregia”
1129 1628 1173 1638 -
1196 1590 1298 1675 inquit
1320 1590 1400 1655 Din-

276 1707 396 1784 dorfius,
428 1706 525 1771 Praef.
556 1729 585 1792 p.
610 1728 664 1772 nv.
689 1743 733 1752 -
767 1704 907 1789 „egregie
933 1705 962 1767 D
989 1703 1157 1788 (Parisinus
1182 1707 1281 1789 2403)
1307 1703 1400 1768 a'rre-
1464 1769 1468 1776 ,

276 1820 457 1906 φοίβασε
469 1868 479 1898 ,
509 1843 569 1904 quo
593 1819 685 1885 verbo
709 1819 837 1906 scriptor
860 1817 1033 1882 certaminis
1056 1817 1183 1882 Homeri
1206 1825 1237 1882 et
1260 1817 1398 1898 Hesiodi,

276 1933 385 1997 Strabo
409 1932 521 2017 aliique
551 1933 689 1998 nonnulli
720 1933 768 1997 usi
797 1931 900 1996 suut.''
928 1932 1052 1996 Poterat
1074 1930 1166 1996 etiam
1190 1933 1399 1998 auctoritatem

276 2046 370 2132 magis
397 2047 431 2111 in
453 2047 566 2112 vicinia
588 2047 717 2133 positam
740 2069 895 2124 arcessere,
919 2069 1026 2133 nempe
1046 2048 1175 2112 eundem
1195 2054 1331 2113 nostrum
1352 2071 1399 2113 co-

277 2160 371 2224 dicem
403 2160 441 2238 E,
473 2161 526 2244 qui
557 2169 667 2226 nomen
700 2163 822 2246 Φοῖβος
854 2159 1036 2226 Ἀπόλλων
1069 2163 1107 2226 ad
1130 2187 1161 2239 γ.
1188 2185 1231 2227 ve.
1258 2165 1331 2227 279.
1356 2163 1400 2228 ita

276 2274 504 2360 interpretatur:
540 2278 558 2339 ὁ
588 2300 659 2356 φοι
670 2259 811 2360 βάζων
844 2277 899 2338 καί
923 2275 1163 2357 μαντευόμενος
1188 2278 1242 2339 ιιαὶ
1268 2278 1308 2339 τὰ
1332 2281 1398 2341 τῶν
1418 2259 1445 2286 Ἰ

278 2390 364 2451 θεῶν
388 2385 499 2470 ἄδηλα
523 2386 723 2470 θηλοποιῶν.
751 2387 794 2476 (p.
821 2393 894 2453 146.
918 2389 939 2453 l.
966 2388 1011 2478 3).

321 2499 426 2565 Unum
445 2483 575 2587 denique
594 2503 728 2568 eiusdem
747 2503 865 2588 generis
885 2505 1006 2568 afferam
1026 2503 1185 2590 specimen,
1206 2503 1287 2567 unde
1299 2502 1400 2567 videat

276 2616 378 2693 lector,
401 2653 446 2662 —
469 2615 495 2679 si
519 2615 587 2700 quis
611 2617 687 2682 forte
709 2639 842 2681 mearum
865 2637 1015 2699 nugarum
1037 2615 1132 2680 lector
1150 2616 1217 2692 erit,
1238 2653 1282 2662 —
1303 2639 1397 2700 quan-

277 2729 360 2793 tillus
382 2750 465 2794 error
488 2736 615 2813 quantas
637 2729 741 2794 turbas
765 2729 891 2794 dederit.
914 2728 953 2792 Iu
978 2707 1013 2808 φ.
1038 2750 1082 2792 vs.
1109 2727 1344 2796 295,Antinous
1369 2736 1400 2793 et

278 2841 333 2907 alia
354 2842 451 2908 multa
474 2842 551 2907 dicit
574 2850 605 2908 et
627 2843 716 2908 haec:

419 2946 508 3028 οἶνος
532 2958 586 3019 καί
611 2955 804 3040 Κένταυρον
829 2953 1020 3032 ἀγακλυτὸν
1046 2951 1242 3038 Εὐρυτίωνα

418 3071 496 3132 ἄασ’
521 3071 569 3135 ε’νί
593 3077 721 3155 μεγάρῳ
744 3075 937 3153 μεγαθύμου
960 3073 1168 3153 Πειριθόοιο,

260 3188 305 3245 'et
334 3205 411 3266 quae
441 3191 618 3266 sequuntur.
651 3184 701 3249 Ad
731 3184 786 3248 hos
818 3207 921 3248 versus
952 3207 989 3248 ex
1017 3183 1147 3248 Scholiis
1170 3183 1312 3269 Vulgatis
1337 3181 1396 3270 (V)

275 3295 406 3359 eduntur
435 3296 523 3361 haec:
558 3290 646 3372 οἶνος
680 3299 735 3360 καί
767 3287 961 3380 Κένταυρον
991 3295 1196 3382 α’γαιιλυτὸν]
1224 3295 1397 3381 Εὐρύτῳ

276 3408 382 3489 ὅμως
404 3410 493 3492 μέν,
518 3407 578 3473 ἐ’να
602 3413 669 3475 τῶν
691 3412 726 3475 ἐν
749 3416 793 3494 τῷ
814 3412 980 3495 Πειρίθου
1001 3417 1093 3495 γάμῳ
1105 3414 1303 3493 Κενταύρων
1317 3407 1396 3473 cirro-

276 3519 420 3604 λομένων
447 3525 503 3587 τὸν
528 3523 723 3608 Εὐρυτίωνα
745 3523 846 3604 λέγει,
867 3527 921 3590 ὅτε
944 3530 1003 3607 τὴν
1022 3525 1212 3610 Ἀδράστου
1226 3522 1397 3606 θυγατέρα

275 3670 319 3683 —
342 3637 526 3722 Πειρίθους
549 3638 627 3722 πρὸς
647 3644 751 3721 γάμον
772 3642 930 3721 οίγόμενος
951 3638 1082 3703 ἐκάλεσε
1104 3641 1188 3701 κατὰ
1201 3635 1396 3715 συγγένειαν

277 3751 437 3824 Λαπίθας
469 3754 524 3814 καὶ
557 3755 778 3837 Κενταύρους.
811 3754 861 3817 Ad
893 3753 992 3838 priora
1023 3751 1082 3816 tria
1108 3751 1199 3815 rerba
1221 3749 1398 3816 Dindorfius

277 3865 396 3950 repetiit
426 3865 607 3931 Buttmanni
637 3874 740 3932 notam
770 3867 863 3929 hanc:
899 3864 1006 3946 „Haec
1035 3864 1095 3928 tria
1125 3862 1221 3950 prima
1251 3864 1342 3929 verba
1365 3865 1398 3928 in

276 3977 342 4041 edd.
375 4000 433 4042 rec.
467 3979 577 4043 omissa
607 3987 688 4044 sunt.
722 3980 782 4044 Sed
813 3979 975 4043 Bamesius
999 3976 1134 4063 reposuit
1155 3976 1299 4060 εΌμηρος
1321 3978 1396 4056 μὲν,

277 4092 335 4170 „ad
358 4091 477 4158 fabulae
500 4091 780 4171 dilucidationem‚''
809 4101 845 4158 ut
868 4094 920 4170 ait,
945 4113 1021 4174 „nec
1044 4090 1109 4155 sine
1131 4091 1224 4155 MSto
1246 4089 1396 4172 Aloysii.”

276 4203 342 4288 Ego
365 4205 439 4288 quid
463 4228 499 4270 eo
520 4205 672 4274 lucremur
694 4229 756 4271 non
779 4207 884 4272 video:
909 4211 941 4269 et
962 4203 1082 4269 mallem
1107 4227 1176 4268 eum
1198 4202 1233 4267 in
1256 4201 1325 4269 MS.
1351 4201 1399 4268 in·

275 4317 409 4382 venisse:
436 4319 586 4400 Εὔρυτον
611 4319 754 4402 Ὅμηρος
776 4321 837 4399 μὲν
861 4317 1057 4401 Εὐρυτίωνα
1079 4315 1179 4395 λέγει,
1201 4315 1261 4382 ἕνα
1275 4316 1399 4381 τῶν-

275 4428 504 4510 α’πολομένων,
530 4431 582 4495 ὅτε
609 4456 639 4493 ιι.
665 4455 695 4494 τ.
722 4431 771 4494 ι’.”
801 4431 906 4517 (Dind.
931 4455 960 4518 p.
988 4432 1060 4494 702.
1084 4430 1105 4494 l.
1131 4432 1174 4518 1).
1199 4430 1284 4496 Haeo
1307 4428 1399 4496 Butt-

275 4564 413 4611 mannus.
458 4544 641 4612 Evolvamus
680 4567 762 4610 nunc
799 4545 951 4612 Dindorfii
984 4542 1185 4610 Praefationis
1219 4567 1249 4634 p.
1285 4563 1399 4611 nxvm:
