<?xml version="1.0" encoding="UTF-8"?>
<!DOCTYPE html PUBLIC "-//W3C//DTD XHTML 1.0 Transitional//EN"
    "http://www.w3.org/TR/xhtml1/DTD/xhtml1-transitional.dtd">
<html xmlns="http://www.w3.org/1999/xhtml" xml:lang="en" lang="en">
 <head>
  <title>
</title>
<meta http-equiv="Content-Type" content="text/html;charset=utf-8" />
  <meta name='ocr-system' content='tesseract 3.04.00' />
  <meta name='ocr-capabilities' content='ocr_page ocr_carea ocr_par ocr_line ocrx_word'/>
</head>
<body>
  <div class='ocr_page' id='page_1' title='image "./observationesad01polagoog_0099.png"; bbox 0 0 3454 5330; ppageno 0'>
   <div class='ocr_carea' id='block_1_1' title="bbox 899 607 941 670">
    <p class='ocr_par' dir='ltr' id='par_1_1' title="bbox 899 607 941 670">
     <span class='ocr_line' id='line_1_1' title="bbox 899 607 941 670; baseline 0.095 -4"><span class='ocrx_word' id='word_1_1' title='bbox 899 607 941 670; x_wconf 81' lang='lat'>82</span> 
     </span>
    </p>
   </div>
   <div class='ocr_carea' id='block_1_2' title="bbox 356 781 1481 1331">
    <p class='ocr_par' dir='ltr' id='par_1_2' title="bbox 356 781 1481 1331">
     <span class='ocr_line' id='line_1_2' title="bbox 357 781 1481 876; baseline -0.01 -18"><span class='ocrx_word' id='word_1_2' title='bbox 357 785 555 858; x_wconf 70' lang='lat' dir='ltr'><strong>substantivis</strong></span> <span class='ocrx_word' id='word_1_3' title='bbox 585 792 675 856; x_wconf 79' lang='grc' dir='ltr'><strong><em>θεῶν</em></strong></span> <span class='ocrx_word' id='word_1_4' title='bbox 707 789 858 855; x_wconf 75' lang='grc' dir='ltr'><strong><em>ἀνάκτων</em></strong></span> <span class='ocrx_word' id='word_1_5' title='bbox 889 789 975 854; x_wconf 85' lang='lat' dir='ltr'>iuxta</span> <span class='ocrx_word' id='word_1_6' title='bbox 1004 787 1121 876; x_wconf 86' lang='lat' dir='ltr'>positis.</span> <span class='ocrx_word' id='word_1_7' title='bbox 1144 788 1253 872; x_wconf 84' lang='lat' dir='ltr'>Itaque</span> <span class='ocrx_word' id='word_1_8' title='bbox 1273 785 1374 851; x_wconf 85' lang='lat' dir='ltr'>locum</span> <span class='ocrx_word' id='word_1_9' title='bbox 1395 781 1481 847; x_wconf 90' lang='lat' dir='ltr'>lacn·</span> 
     </span>
     <span class='ocr_line' id='line_1_3' title="bbox 356 897 1480 991; baseline -0.011 -20"><span class='ocrx_word' id='word_1_10' title='bbox 356 928 466 972; x_wconf 89' lang='lat' dir='ltr'>nosnm</span> <span class='ocrx_word' id='word_1_11' title='bbox 499 905 542 970; x_wconf 87' lang='lat' dir='ltr'>sic</span> <span class='ocrx_word' id='word_1_12' title='bbox 576 904 842 991; x_wconf 86' lang='lat' dir='ltr'>redintegrandum</span> <span class='ocrx_word' id='word_1_13' title='bbox 876 924 998 969; x_wconf 88' lang='lat' dir='ltr'>censeo:</span> <span class='ocrx_word' id='word_1_14' title='bbox 1034 905 1124 966; x_wconf 81' lang='grc' dir='ltr'>θεῶν</span> <span class='ocrx_word' id='word_1_15' title='bbox 1158 899 1272 983; x_wconf 69' lang='lat' dir='ltr'>disqu</span> <span class='ocrx_word' id='word_1_16' title='bbox 1305 897 1480 964; x_wconf 76' lang='grc' dir='ltr'><strong><em>α’νάκτων.·</em></strong></span> 
     </span>
     <span class='ocr_line' id='line_1_4' title="bbox 358 1011 1477 1103; baseline -0.011 -21"><span class='ocrx_word' id='word_1_17' title='bbox 358 1017 493 1084; x_wconf 80' lang='grc' dir='ltr'><strong><em>θέλουσι</em></strong></span> <span class='ocrx_word' id='word_1_18' title='bbox 522 1020 583 1103; x_wconf 78' lang='grc' dir='ltr'>γὰρ</span> <span class='ocrx_word' id='word_1_19' title='bbox 611 1024 693 1102; x_wconf 74' lang='grc' dir='ltr'><strong><em>ἡμᾶς</em></strong></span> <span class='ocrx_word' id='word_1_20' title='bbox 724 1020 755 1083; x_wconf 83' lang='lat' dir='ltr'>oi</span> <span class='ocrx_word' id='word_1_21' title='bbox 785 1023 859 1082; x_wconf 77' lang='grc' dir='ltr'><strong><em>θεοί</em></strong></span> <span class='ocrx_word' id='word_1_22' title='bbox 889 1013 1108 1101; x_wconf 78' lang='grc' dir='ltr'><strong><em>ὸρμισθέντας</em></strong></span> <span class='ocrx_word' id='word_1_23' title='bbox 1142 1011 1477 1101; x_wconf 71' lang='grc' dir='ltr'><strong><em>(ἀναπαύεσθαι.</em></strong></span> 
     </span>
     <span class='ocr_line' id='line_1_5' title="bbox 357 1120 1479 1217; baseline -0.008 -23"><span class='ocrx_word' id='word_1_24' title='bbox 357 1136 411 1196; x_wconf 87' lang='grc' dir='ltr'>Τὸ</span> <span class='ocrx_word' id='word_1_25' title='bbox 431 1130 473 1196; x_wconf 80' lang='grc' dir='ltr'>δὲ</span> <span class='ocrx_word' id='word_1_26' title='bbox 499 1135 631 1215; x_wconf 71' lang='lat' dir='ltr'>„dcciv</span> <span class='ocrx_word' id='word_1_27' title='bbox 652 1129 870 1197; x_wconf 74' lang='lat' dir='ltr'>a&#39;vduraav”</span> <span class='ocrx_word' id='word_1_28' title='bbox 895 1132 945 1204; x_wconf 82' lang='grc' dir='ltr'>ὥς</span> <span class='ocrx_word' id='word_1_29' title='bbox 969 1127 1028 1217; x_wconf 84' lang='grc' dir='ltr'>τὸ)</span> <span class='ocrx_word' id='word_1_30' title='bbox 1053 1132 1147 1211; x_wconf 72' lang='lat' dir='ltr'>„dael</span> <span class='ocrx_word' id='word_1_31' title='bbox 1167 1126 1299 1211; x_wconf 80' lang='grc' dir='ltr'><strong><em>δοτῆρες</em></strong></span> <span class='ocrx_word' id='word_1_32' title='bbox 1322 1125 1418 1188; x_wconf 77' lang='grc' dir='ltr'><strong><em>ἐάων.</em></strong></span> <span class='ocrx_word' id='word_1_33' title='bbox 1438 1120 1479 1186; x_wconf 94' lang='lat' dir='ltr'>Id</span> 
     </span>
     <span class='ocr_line' id='line_1_6' title="bbox 356 1235 1478 1331; baseline -0.01 -20"><span class='ocrx_word' id='word_1_34' title='bbox 356 1252 418 1311; x_wconf 89' lang='lat' dir='ltr'>est:</span> <span class='ocrx_word' id='word_1_35' title='bbox 443 1246 632 1331; x_wconf 80' lang='lat' dir='ltr'><strong>Eurylochus</strong></span> <span class='ocrx_word' id='word_1_36' title='bbox 663 1245 758 1310; x_wconf 86' lang='lat' dir='ltr'>dixit:</span> <span class='ocrx_word' id='word_1_37' title='bbox 784 1243 836 1328; x_wconf 88' lang='lat' dir='ltr'>„si</span> <span class='ocrx_word' id='word_1_38' title='bbox 860 1249 1020 1310; x_wconf 89' lang='lat' dir='ltr'>ventorum</span> <span class='ocrx_word' id='word_1_39' title='bbox 1042 1243 1074 1308; x_wconf 87' lang='grc'>11</span> <span class='ocrx_word' id='word_1_40' title='bbox 1096 1241 1271 1329; x_wconf 82' lang='lat' dir='ltr'>peribimus,</span> <span class='ocrx_word' id='word_1_41' title='bbox 1294 1238 1328 1304; x_wconf 94' lang='lat' dir='ltr'>id</span> <span class='ocrx_word' id='word_1_42' title='bbox 1351 1235 1478 1321; x_wconf 86' lang='lat' dir='ltr'>„invitis</span> 
     </span>
    </p>
   </div>
   <div class='ocr_carea' id='block_1_3' title="bbox 356 1351 1479 1445">
    <p class='ocr_par' dir='ltr' id='par_1_3' title="bbox 356 1351 1479 1445">
     <span class='ocr_line' id='line_1_7' title="bbox 356 1351 1479 1445; baseline -0.006 -22"><span class='ocrx_word' id='word_1_43' title='bbox 356 1359 436 1424; x_wconf 88' lang='lat' dir='ltr'>diis&#39;&#39;</span> <span class='ocrx_word' id='word_1_44' title='bbox 461 1359 527 1438; x_wconf 89' lang='lat' dir='ltr'>erit,</span> <span class='ocrx_word' id='word_1_45' title='bbox 551 1382 622 1424; x_wconf 89' lang='lat' dir='ltr'>nam</span> <span class='ocrx_word' id='word_1_46' title='bbox 643 1357 688 1424; x_wconf 94' lang='lat' dir='ltr'>dii</span> <span class='ocrx_word' id='word_1_47' title='bbox 710 1358 834 1445; x_wconf 87' lang='lat' dir='ltr'>quidem</span> <span class='ocrx_word' id='word_1_48' title='bbox 852 1358 959 1424; x_wconf 90' lang='lat' dir='ltr'>volunt</span> <span class='ocrx_word' id='word_1_49' title='bbox 977 1381 1033 1423; x_wconf 91' lang='lat' dir='ltr'>nos</span> <span class='ocrx_word' id='word_1_50' title='bbox 1051 1378 1173 1422; x_wconf 82' lang='lat' dir='ltr'>ancoras</span> <span class='ocrx_word' id='word_1_51' title='bbox 1192 1356 1289 1422; x_wconf 87' lang='lat' dir='ltr'>iacere</span> <span class='ocrx_word' id='word_1_52' title='bbox 1299 1359 1331 1419; x_wconf 90' lang='lat' dir='ltr'>et</span> <span class='ocrx_word' id='word_1_53' title='bbox 1340 1351 1479 1418; x_wconf 85' lang='lat' dir='ltr'>laborum</span> 
     </span>
    </p>
   </div>
   <div class='ocr_carea' id='block_1_4' title="bbox 228 1469 1479 1559">
    <p class='ocr_par' dir='ltr' id='par_1_4' title="bbox 228 1469 1479 1559">
     <span class='ocr_line' id='line_1_8' title="bbox 228 1469 1479 1559; baseline -0.006 -22"><span class='ocrx_word' id='word_1_54' title='bbox 228 1469 231 1475; x_wconf 76' lang='grc'><strong>’</strong></span> <span class='ocrx_word' id='word_1_55' title='bbox 356 1471 490 1556; x_wconf 80' lang='lat' dir='ltr'><strong>requiem</strong></span> <span class='ocrx_word' id='word_1_56' title='bbox 513 1471 646 1559; x_wconf 87' lang='lat' dir='ltr'>capere‚”</span> <span class='ocrx_word' id='word_1_57' title='bbox 667 1478 699 1537; x_wconf 90' lang='lat' dir='ltr'>et</span> <span class='ocrx_word' id='word_1_58' title='bbox 717 1472 799 1556; x_wconf 90' lang='lat' dir='ltr'>quod</span> <span class='ocrx_word' id='word_1_59' title='bbox 818 1472 856 1536; x_wconf 89' lang='lat' dir='ltr'>ad</span> <span class='ocrx_word' id='word_1_60' title='bbox 875 1472 1002 1536; x_wconf 88' lang='lat' dir='ltr'>formam</span> <span class='ocrx_word' id='word_1_61' title='bbox 1020 1470 1139 1548; x_wconf 75' lang='lat' dir='ltr'>attinet,</span> <span class='ocrx_word' id='word_1_62' title='bbox 1156 1473 1345 1556; x_wconf 88' lang='lat' dir='ltr'>comparatur</span> <span class='ocrx_word' id='word_1_63' title='bbox 1363 1485 1479 1530; x_wconf 88' lang='lat' dir='ltr'>eaonm</span> 
     </span>
    </p>
   </div>
   <div class='ocr_carea' id='block_1_5' title="bbox 347 1579 1480 4623">
    <p class='ocr_par' dir='ltr' id='par_1_5' title="bbox 355 1579 1479 1787">
     <span class='ocr_line' id='line_1_9' title="bbox 356 1579 1479 1673; baseline -0.005 -25"><span class='ocrx_word' id='word_1_64' title='bbox 356 1585 429 1649; x_wconf 78' lang='grc' dir='ltr'><strong><em>θεοί</em></strong></span> <span class='ocrx_word' id='word_1_65' title='bbox 462 1582 593 1672; x_wconf 77' lang='grc' dir='ltr'><strong><em>δοτῆρες</em></strong></span> <span class='ocrx_word' id='word_1_66' title='bbox 624 1587 720 1650; x_wconf 83' lang='grc' dir='ltr'><strong><em>ἐάων.</em></strong></span> <span class='ocrx_word' id='word_1_67' title='bbox 752 1586 803 1650; x_wconf 83' lang='lat' dir='ltr'>Ita</span> <span class='ocrx_word' id='word_1_68' title='bbox 832 1584 908 1650; x_wconf 91' lang='lat' dir='ltr'>mihi</span> <span class='ocrx_word' id='word_1_69' title='bbox 938 1582 1132 1673; x_wconf 77' lang='lat' dir='ltr'><strong>probabiliter</strong></span> <span class='ocrx_word' id='word_1_70' title='bbox 1161 1603 1282 1648; x_wconf 88' lang='lat' dir='ltr'>sensnm</span> <span class='ocrx_word' id='word_1_71' title='bbox 1311 1579 1479 1645; x_wconf 85' lang='lat' dir='ltr'>restituisse</span> 
     </span>
     <span class='ocr_line' id='line_1_10' title="bbox 355 1699 906 1787; baseline 0 -23"><span class='ocrx_word' id='word_1_72' title='bbox 355 1699 468 1778; x_wconf 86' lang='lat' dir='ltr'>videor,</span> <span class='ocrx_word' id='word_1_73' title='bbox 492 1699 583 1765; x_wconf 87' lang='lat' dir='ltr'>verba</span> <span class='ocrx_word' id='word_1_74' title='bbox 604 1705 754 1787; x_wconf 85' lang='lat' dir='ltr'>praestare</span> <span class='ocrx_word' id='word_1_75' title='bbox 779 1721 906 1784; x_wconf 80' lang='lat' dir='ltr'><strong>nequeo.</strong></span> 
     </span>
    </p>

    <p class='ocr_par' dir='ltr' id='par_1_6' title="bbox 356 1806 1478 2235">
     <span class='ocr_line' id='line_1_11' title="bbox 399 1806 1478 1898; baseline -0.009 -19"><span class='ocrx_word' id='word_1_76' title='bbox 399 1813 474 1878; x_wconf 91' lang='lat' dir='ltr'>Non</span> <span class='ocrx_word' id='word_1_77' title='bbox 503 1812 642 1898; x_wconf 71' lang='lat' dir='ltr'>intelligo</span> <span class='ocrx_word' id='word_1_78' title='bbox 673 1813 748 1897; x_wconf 91' lang='lat' dir='ltr'>qnid</span> <span class='ocrx_word' id='word_1_79' title='bbox 779 1812 819 1876; x_wconf 88' lang='lat' dir='ltr'>sit</span> <span class='ocrx_word' id='word_1_80' title='bbox 847 1837 877 1897; x_wconf 89' lang='grc' dir='ltr'>χ.</span> <span class='ocrx_word' id='word_1_81' title='bbox 903 1814 968 1876; x_wconf 76' lang='grc'><strong>4103</strong></span> <span class='ocrx_word' id='word_1_82' title='bbox 991 1811 1030 1876; x_wconf 90' lang='lat' dir='ltr'>ad</span> <span class='ocrx_word' id='word_1_83' title='bbox 1052 1807 1222 1896; x_wconf 79' lang='grc' dir='ltr'><strong><em>βεβρωκὼς</em></strong></span> <span class='ocrx_word' id='word_1_84' title='bbox 1246 1810 1343 1894; x_wconf 69' lang='lat' dir='ltr'>fiodo:</span> <span class='ocrx_word' id='word_1_85' title='bbox 1364 1806 1478 1887; x_wconf 84' lang='grc' dir='ltr'><strong><em>ὅμοιον</em></strong></span> 
     </span>
     <span class='ocr_line' id='line_1_12' title="bbox 357 1919 1478 2010; baseline -0.008 -22"><span class='ocrx_word' id='word_1_86' title='bbox 357 1929 402 2008; x_wconf 85' lang='grc' dir='ltr'>τῷ</span> <span class='ocrx_word' id='word_1_87' title='bbox 438 1927 544 2009; x_wconf 84' lang='grc' dir='ltr'><strong><em>,,ὄφρα</em></strong></span> <span class='ocrx_word' id='word_1_88' title='bbox 578 1926 655 2010; x_wconf 80' lang='grc' dir='ltr'><strong><em>πίῃς</em></strong></span> <span class='ocrx_word' id='word_1_89' title='bbox 691 1924 831 1990; x_wconf 87' lang='grc' dir='ltr'><strong><em>οίνοιο·”</em></strong></span> <span class='ocrx_word' id='word_1_90' title='bbox 866 1930 1079 2009; x_wconf 79' lang='grc' dir='ltr'><strong><em>προσγενῆ</em></strong></span> <span class='ocrx_word' id='word_1_91' title='bbox 1111 1925 1172 2008; x_wconf 78' lang='grc' dir='ltr'>γὰρ</span> <span class='ocrx_word' id='word_1_92' title='bbox 1203 1925 1240 1986; x_wconf 87' lang='grc' dir='ltr'>τὸ</span> <span class='ocrx_word' id='word_1_93' title='bbox 1271 1925 1388 2004; x_wconf 79' lang='grc' dir='ltr'><strong><em>φανεῖν</em></strong></span> <span class='ocrx_word' id='word_1_94' title='bbox 1421 1919 1478 1982; x_wconf 82' lang='grc' dir='ltr'>καί</span> 
     </span>
     <span class='ocr_line' id='line_1_13' title="bbox 356 2035 1477 2123; baseline -0.002 -25"><span class='ocrx_word' id='word_1_95' title='bbox 356 2042 445 2101; x_wconf 80' lang='grc' dir='ltr'>πιεῖν</span> <span class='ocrx_word' id='word_1_96' title='bbox 470 2037 627 2101; x_wconf 79' lang='grc' dir='ltr'><strong><em>Ἀττικοί</em></strong></span> <span class='ocrx_word' id='word_1_97' title='bbox 652 2035 814 2116; x_wconf 79' lang='grc' dir='ltr'><strong><em>λέγουσιν.</em></strong></span> <span class='ocrx_word' id='word_1_98' title='bbox 838 2037 1045 2123; x_wconf 78' lang='lat' dir='ltr'>Intelligerem</span> <span class='ocrx_word' id='word_1_99' title='bbox 1067 2037 1095 2101; x_wconf 86' lang='lat' dir='ltr'>si</span> <span class='ocrx_word' id='word_1_100' title='bbox 1114 2035 1260 2123; x_wconf 83' lang='lat' dir='ltr'>scriptum</span> <span class='ocrx_word' id='word_1_101' title='bbox 1279 2040 1356 2101; x_wconf 84' lang='lat' dir='ltr'>esset</span> <span class='ocrx_word' id='word_1_102' title='bbox 1375 2035 1477 2118; x_wconf 88' lang='grc' dir='ltr'><strong><em>πρὸς</em></strong></span> 
     </span>
     <span class='ocr_line' id='line_1_14' title="bbox 356 2146 1380 2235; baseline -0.004 -21"><span class='ocrx_word' id='word_1_103' title='bbox 356 2153 532 2230; x_wconf 79' lang='grc' dir='ltr'><strong><em>γενικὴν</em></strong></span> <span class='ocrx_word' id='word_1_104' title='bbox 556 2152 617 2235; x_wconf 78' lang='grc' dir='ltr'>γὰρ</span> <span class='ocrx_word' id='word_1_105' title='bbox 642 2155 677 2214; x_wconf 86' lang='grc' dir='ltr'>τὸ</span> <span class='ocrx_word' id='word_1_106' title='bbox 703 2157 821 2232; x_wconf 72' lang='grc' dir='ltr'><strong><em>φαγεῖν</em></strong></span> <span class='ocrx_word' id='word_1_107' title='bbox 848 2152 903 2214; x_wconf 84' lang='grc' dir='ltr'>καὶ</span> <span class='ocrx_word' id='word_1_108' title='bbox 928 2156 1017 2214; x_wconf 85' lang='grc' dir='ltr'><strong><em>πιεῖν</em></strong></span> <span class='ocrx_word' id='word_1_109' title='bbox 1042 2150 1191 2215; x_wconf 81' lang='grc' dir='ltr'><strong><em>Ἀττικοί</em></strong></span> <span class='ocrx_word' id='word_1_110' title='bbox 1216 2146 1380 2226; x_wconf 78' lang='grc' dir='ltr'><strong><em>λέγουσιν.</em></strong></span> 
     </span>
    </p>

    <p class='ocr_par' dir='ltr' id='par_1_7' title="bbox 347 2261 1480 4623">
     <span class='ocr_line' id='line_1_15' title="bbox 400 2261 1480 2350; baseline 0 -25"><span class='ocrx_word' id='word_1_111' title='bbox 400 2262 499 2328; x_wconf 87' lang='lat' dir='ltr'>Video</span> <span class='ocrx_word' id='word_1_112' title='bbox 529 2263 606 2328; x_wconf 93' lang='lat' dir='ltr'>mihi</span> <span class='ocrx_word' id='word_1_113' title='bbox 636 2285 701 2328; x_wconf 88' lang='lat' dir='ltr'>esse</span> <span class='ocrx_word' id='word_1_114' title='bbox 730 2263 950 2350; x_wconf 88' lang='lat' dir='ltr'>properandum</span> <span class='ocrx_word' id='word_1_115' title='bbox 979 2269 1016 2327; x_wconf 90' lang='lat' dir='ltr'>ut</span> <span class='ocrx_word' id='word_1_116' title='bbox 1038 2269 1070 2328; x_wconf 86' lang='lat' dir='ltr'>ot</span> <span class='ocrx_word' id='word_1_117' title='bbox 1091 2262 1167 2328; x_wconf 84' lang='lat' dir='ltr'>alim</span> <span class='ocrx_word' id='word_1_118' title='bbox 1189 2261 1308 2348; x_wconf 86' lang='lat' dir='ltr'>generis</span> <span class='ocrx_word' id='word_1_119' title='bbox 1333 2261 1480 2327; x_wconf 84' lang='lat' dir='ltr'>vitiorum</span> 
     </span>
     <span class='ocr_line' id='line_1_16' title="bbox 354 2373 1478 2464; baseline -0.003 -22"><span class='ocrx_word' id='word_1_120' title='bbox 354 2376 489 2464; x_wconf 85' lang='lat' dir='ltr'>exempla</span> <span class='ocrx_word' id='word_1_121' title='bbox 518 2376 646 2442; x_wconf 75' lang='lat' dir='ltr'>adtinere</span> <span class='ocrx_word' id='word_1_122' title='bbox 668 2376 790 2464; x_wconf 91' lang='lat' dir='ltr'>possim.</span> <span class='ocrx_word' id='word_1_123' title='bbox 814 2377 917 2462; x_wconf 83' lang='lat' dir='ltr'>Igitur</span> <span class='ocrx_word' id='word_1_124' title='bbox 939 2376 1047 2442; x_wconf 88' lang='lat' dir='ltr'>omitto</span> <span class='ocrx_word' id='word_1_125' title='bbox 1068 2376 1102 2442; x_wconf 92' lang='lat' dir='ltr'>in</span> <span class='ocrx_word' id='word_1_126' title='bbox 1125 2375 1292 2463; x_wconf 87' lang='lat' dir='ltr'>praesentia</span> <span class='ocrx_word' id='word_1_127' title='bbox 1314 2373 1478 2461; x_wconf 87' lang='lat' dir='ltr'>permultos</span> 
     </span>
     <span class='ocr_line' id='line_1_17' title="bbox 354 2487 1480 2577; baseline 0 -23"><span class='ocrx_word' id='word_1_128' title='bbox 354 2490 435 2555; x_wconf 92' lang='lat' dir='ltr'>locos</span> <span class='ocrx_word' id='word_1_129' title='bbox 458 2489 578 2554; x_wconf 77' lang='grc' dir='ltr'><strong>11111ἄν</strong></span> <span class='ocrx_word' id='word_1_130' title='bbox 606 2490 752 2576; x_wconf 84' lang='lat' dir='ltr'>partionis</span> <span class='ocrx_word' id='word_1_131' title='bbox 775 2490 865 2577; x_wconf 85' lang='lat' dir='ltr'>periit</span> <span class='ocrx_word' id='word_1_132' title='bbox 887 2496 1009 2577; x_wconf 85' lang='lat' dir='ltr'>propter</span> <span class='ocrx_word' id='word_1_133' title='bbox 1030 2487 1211 2555; x_wconf 83' lang='lat' dir='ltr'>sententiam</span> <span class='ocrx_word' id='word_1_134' title='bbox 1233 2488 1408 2567; x_wconf 85' lang='lat' dir='ltr'>revocanda,</span> <span class='ocrx_word' id='word_1_135' title='bbox 1431 2489 1480 2554; x_wconf 87' lang='lat' dir='ltr'>vol</span> 
     </span>
     <span class='ocr_line' id='line_1_18' title="bbox 354 2601 1477 2690; baseline -0.002 -22"><span class='ocrx_word' id='word_1_136' title='bbox 354 2603 407 2668; x_wconf 89' lang='lat' dir='ltr'>ubi</span> <span class='ocrx_word' id='word_1_137' title='bbox 432 2609 553 2690; x_wconf 87' lang='lat' dir='ltr'>propter</span> <span class='ocrx_word' id='word_1_138' title='bbox 584 2602 737 2689; x_wconf 84' lang='lat' dir='ltr'>siglarum,</span> <span class='ocrx_word' id='word_1_139' title='bbox 762 2603 872 2689; x_wconf 88' lang='lat' dir='ltr'>quibus</span> <span class='ocrx_word' id='word_1_140' title='bbox 895 2605 938 2678; x_wconf 81' lang='grc' dir='ltr'>ὡς</span> <span class='ocrx_word' id='word_1_141' title='bbox 959 2609 990 2668; x_wconf 89' lang='lat' dir='ltr'>et</span> <span class='ocrx_word' id='word_1_142' title='bbox 1013 2605 1068 2667; x_wconf 79' lang='grc' dir='ltr'>καί</span> <span class='ocrx_word' id='word_1_143' title='bbox 1089 2603 1276 2682; x_wconf 86' lang='lat' dir='ltr'>scribuntur,</span> <span class='ocrx_word' id='word_1_144' title='bbox 1300 2601 1477 2668; x_wconf 86' lang='lat' dir='ltr'>similitudi-</span> 
     </span>
     <span class='ocr_line' id='line_1_19' title="bbox 354 2715 1477 2805; baseline 0.001 -25"><span class='ocrx_word' id='word_1_145' title='bbox 354 2739 433 2796; x_wconf 87' lang='lat' dir='ltr'>nem,</span> <span class='ocrx_word' id='word_1_146' title='bbox 468 2717 517 2801; x_wconf 89' lang='lat' dir='ltr'>(de</span> <span class='ocrx_word' id='word_1_147' title='bbox 547 2739 606 2802; x_wconf 91' lang='lat' dir='ltr'>qna</span> <span class='ocrx_word' id='word_1_148' title='bbox 636 2715 785 2780; x_wconf 84' lang='lat' dir='ltr'>videndus</span> <span class='ocrx_word' id='word_1_149' title='bbox 817 2715 900 2782; x_wconf 83' lang='lat' dir='ltr'>Bast.</span> <span class='ocrx_word' id='word_1_150' title='bbox 933 2740 961 2803; x_wconf 91' lang='lat' dir='ltr'>p.</span> <span class='ocrx_word' id='word_1_151' title='bbox 988 2715 1252 2782; x_wconf 63' lang='lat' dir='ltr'>altercanti.</span> <span class='ocrx_word' id='word_1_152' title='bbox 1278 2715 1325 2805; x_wconf 87' lang='lat'>9.)</span> <span class='ocrx_word' id='word_1_153' title='bbox 1349 2717 1477 2781; x_wconf 87' lang='lat' dir='ltr'>alterum</span> 
     </span>
     <span class='ocr_line' id='line_1_20' title="bbox 354 2828 1475 2916; baseline -0.001 -23"><span class='ocrx_word' id='word_1_154' title='bbox 354 2829 533 2893; x_wconf 84' lang='lat' dir='ltr'>vocabulum</span> <span class='ocrx_word' id='word_1_155' title='bbox 564 2828 602 2893; x_wconf 92' lang='lat' dir='ltr'>ab</span> <span class='ocrx_word' id='word_1_156' title='bbox 632 2828 726 2894; x_wconf 88' lang='lat' dir='ltr'>altero</span> <span class='ocrx_word' id='word_1_157' title='bbox 758 2835 915 2894; x_wconf 84' lang='lat' dir='ltr'>extmsum</span> <span class='ocrx_word' id='word_1_158' title='bbox 945 2834 1000 2894; x_wconf 89' lang='lat' dir='ltr'>est.</span> <span class='ocrx_word' id='word_1_159' title='bbox 1024 2829 1127 2896; x_wconf 82' lang='lat' dir='ltr'>Huius</span> <span class='ocrx_word' id='word_1_160' title='bbox 1150 2835 1316 2916; x_wconf 86' lang='lat' dir='ltr'>postremae</span> <span class='ocrx_word' id='word_1_161' title='bbox 1339 2828 1475 2894; x_wconf 82' lang='lat' dir='ltr'>observa·</span> 
     </span>
     <span class='ocr_line' id='line_1_21' title="bbox 354 2941 1477 3030; baseline 0.002 -27"><span class='ocrx_word' id='word_1_162' title='bbox 354 2941 446 3006; x_wconf 88' lang='lat' dir='ltr'>tionis</span> <span class='ocrx_word' id='word_1_163' title='bbox 468 2962 564 3004; x_wconf 90' lang='lat' dir='ltr'>unum</span> <span class='ocrx_word' id='word_1_164' title='bbox 590 2947 710 3006; x_wconf 87' lang='lat' dir='ltr'>tantum</span> <span class='ocrx_word' id='word_1_165' title='bbox 733 2948 855 3026; x_wconf 86' lang='lat' dir='ltr'>tangam</span> <span class='ocrx_word' id='word_1_166' title='bbox 879 2943 1059 3030; x_wconf 85' lang='lat' dir='ltr'>exemplum,</span> <span class='ocrx_word' id='word_1_167' title='bbox 1084 2942 1227 3027; x_wconf 90' lang='lat' dir='ltr'>quoniam</span> <span class='ocrx_word' id='word_1_168' title='bbox 1249 2963 1284 3006; x_wconf 91' lang='lat' dir='ltr'>ea</span> <span class='ocrx_word' id='word_1_169' title='bbox 1304 2941 1388 3007; x_wconf 88' lang='lat' dir='ltr'>locus</span> <span class='ocrx_word' id='word_1_170' title='bbox 1412 2963 1477 3005; x_wconf 90' lang='lat' dir='ltr'>cor-</span> 
     </span>
     <span class='ocr_line' id='line_1_22' title="bbox 353 3052 1477 3139; baseline 0 -21"><span class='ocrx_word' id='word_1_171' title='bbox 353 3059 459 3139; x_wconf 86' lang='lat' dir='ltr'>ruptus</span> <span class='ocrx_word' id='word_1_172' title='bbox 490 3052 588 3116; x_wconf 87' lang='lat' dir='ltr'>sanari</span> <span class='ocrx_word' id='word_1_173' title='bbox 618 3059 745 3139; x_wconf 86' lang='lat' dir='ltr'>poterat,</span> <span class='ocrx_word' id='word_1_174' title='bbox 777 3076 867 3139; x_wconf 89' lang='lat' dir='ltr'>quem</span> <span class='ocrx_word' id='word_1_175' title='bbox 897 3061 929 3119; x_wconf 88' lang='lat' dir='ltr'>et</span> <span class='ocrx_word' id='word_1_176' title='bbox 955 3055 1086 3120; x_wconf 85' lang='lat' dir='ltr'>tentavit</span> <span class='ocrx_word' id='word_1_177' title='bbox 1107 3055 1292 3133; x_wconf 88' lang='lat' dir='ltr'>Dindorfins,</span> <span class='ocrx_word' id='word_1_178' title='bbox 1316 3055 1368 3120; x_wconf 90' lang='lat' dir='ltr'>sed</span> <span class='ocrx_word' id='word_1_179' title='bbox 1391 3053 1477 3119; x_wconf 88' lang='lat' dir='ltr'>onius</span> 
     </span>
     <span class='ocr_line' id='line_1_23' title="bbox 352 3164 1477 3253; baseline 0.001 -25"><span class='ocrx_word' id='word_1_180' title='bbox 352 3165 492 3243; x_wconf 87' lang='lat' dir='ltr'>rationes,</span> <span class='ocrx_word' id='word_1_181' title='bbox 525 3164 667 3247; x_wconf 86' lang='lat' dir='ltr'>qnoniam</span> <span class='ocrx_word' id='word_1_182' title='bbox 698 3164 943 3252; x_wconf 83' lang='lat' dir='ltr'>palaeographica</span> <span class='ocrx_word' id='word_1_183' title='bbox 977 3171 1189 3248; x_wconf 80' lang='grc' dir='ltr'><strong><em>πειθανάχιιη</em></strong></span> <span class='ocrx_word' id='word_1_184' title='bbox 1224 3166 1317 3246; x_wconf 87' lang='lat' dir='ltr'>deest,</span> <span class='ocrx_word' id='word_1_185' title='bbox 1352 3166 1477 3253; x_wconf 87' lang='lat' dir='ltr'>probare</span> 
     </span>
     <span class='ocr_line' id='line_1_24' title="bbox 352 3276 1475 3364; baseline 0.002 -23"><span class='ocrx_word' id='word_1_186' title='bbox 352 3299 414 3341; x_wconf 93' lang='lat' dir='ltr'>non</span> <span class='ocrx_word' id='word_1_187' title='bbox 446 3299 577 3364; x_wconf 88' lang='lat' dir='ltr'>possum.</span> <span class='ocrx_word' id='word_1_188' title='bbox 607 3277 707 3342; x_wconf 88' lang='lat' dir='ltr'>Locus</span> <span class='ocrx_word' id='word_1_189' title='bbox 731 3283 777 3342; x_wconf 88' lang='lat' dir='ltr'>est</span> <span class='ocrx_word' id='word_1_190' title='bbox 799 3276 837 3343; x_wconf 89' lang='lat' dir='ltr'>de</span> <span class='ocrx_word' id='word_1_191' title='bbox 860 3278 957 3343; x_wconf 86' lang='lat' dir='ltr'>forma</span> <span class='ocrx_word' id='word_1_192' title='bbox 981 3282 1061 3364; x_wconf 74' lang='grc' dir='ltr'><strong><em>χεύω</em></strong></span> <span class='ocrx_word' id='word_1_193' title='bbox 1084 3279 1122 3342; x_wconf 89' lang='lat' dir='ltr'>ad</span> <span class='ocrx_word' id='word_1_194' title='bbox 1145 3280 1178 3364; x_wconf 81' lang='grc' dir='ltr'>β.</span> <span class='ocrx_word' id='word_1_195' title='bbox 1206 3283 1279 3344; x_wconf 71' lang='grc'>222.</span> <span class='ocrx_word' id='word_1_196' title='bbox 1304 3279 1416 3344; x_wconf 80' lang='lat' dir='ltr'>Editur</span> <span class='ocrx_word' id='word_1_197' title='bbox 1437 3301 1475 3343; x_wconf 86' lang='lat' dir='ltr'>ex</span> 
     </span>
     <span class='ocr_line' id='line_1_25' title="bbox 352 3390 1475 3477; baseline -0.001 -21"><span class='ocrx_word' id='word_1_198' title='bbox 352 3392 411 3456; x_wconf 88' lang='lat' dir='ltr'>fide</span> <span class='ocrx_word' id='word_1_199' title='bbox 440 3391 578 3456; x_wconf 84' lang='lat' dir='ltr'>codicum</span> <span class='ocrx_word' id='word_1_200' title='bbox 609 3390 679 3455; x_wconf 91' lang='lat' dir='ltr'>HM</span> <span class='ocrx_word' id='word_1_201' title='bbox 716 3395 818 3476; x_wconf 73' lang='grc' dir='ltr'><strong><em>χεύω.·</em></strong></span> <span class='ocrx_word' id='word_1_202' title='bbox 841 3390 1048 3475; x_wconf 79' lang='grc' dir='ltr'><strong><em>Πτολεμαῖος</em></strong></span> <span class='ocrx_word' id='word_1_203' title='bbox 1072 3395 1090 3455; x_wconf 92' lang='lat' dir='ltr'>o‘</span> <span class='ocrx_word' id='word_1_204' title='bbox 1113 3394 1168 3455; x_wconf 83' lang='grc' dir='ltr'>τοῦ</span> <span class='ocrx_word' id='word_1_205' title='bbox 1193 3390 1375 3476; x_wconf 82' lang='grc' dir='ltr'><strong><em>Ὀροάνδον</em></strong></span> <span class='ocrx_word' id='word_1_206' title='bbox 1401 3393 1475 3477; x_wconf 80' lang='grc' dir='ltr'><strong><em>χιίω</em></strong></span> 
     </span>
     <span class='ocr_line' id='line_1_26' title="bbox 352 3503 1474 3592; baseline -0.002 -22"><span class='ocrx_word' id='word_1_207' title='bbox 352 3512 481 3591; x_wconf 78' lang='grc' dir='ltr'><strong><em>γράφει,</em></strong></span> <span class='ocrx_word' id='word_1_208' title='bbox 507 3505 563 3569; x_wconf 82' lang='grc' dir='ltr'>καὶ</span> <span class='ocrx_word' id='word_1_209' title='bbox 590 3504 824 3591; x_wconf 81' lang='grc' dir='ltr'><strong><em>Ἀρίσταρχος,</em></strong></span> <span class='ocrx_word' id='word_1_210' title='bbox 847 3503 1054 3591; x_wconf 75' lang='grc' dir='ltr'><strong><em>Ἡρωδιανὸς</em></strong></span> <span class='ocrx_word' id='word_1_211' title='bbox 1076 3503 1109 3569; x_wconf 75' lang='grc' dir='ltr'>δὲ</span> <span class='ocrx_word' id='word_1_212' title='bbox 1132 3511 1225 3591; x_wconf 78' lang='grc' dir='ltr'><strong><em>χεύω,</em></strong></span> <span class='ocrx_word' id='word_1_213' title='bbox 1246 3503 1325 3592; x_wconf 79' lang='grc' dir='ltr'><strong>1’ν’ᾖ</strong></span> <span class='ocrx_word' id='word_1_214' title='bbox 1338 3507 1474 3579; x_wconf 77' lang='grc' dir='ltr'><strong><em>ἐνεστὼς</em></strong></span> 
     </span>
     <span class='ocr_line' id='line_1_27' title="bbox 352 3617 1476 3706; baseline 0.003 -24"><span class='ocrx_word' id='word_1_215' title='bbox 352 3621 429 3686; x_wconf 74' lang='lat' dir='ltr'>dori</span> <span class='ocrx_word' id='word_1_216' title='bbox 451 3623 507 3685; x_wconf 82' lang='grc' dir='ltr'>τοῦ</span> <span class='ocrx_word' id='word_1_217' title='bbox 527 3617 716 3702; x_wconf 79' lang='grc' dir='ltr'><strong><em>μέλλοντος.</em></strong></span> <span class='ocrx_word' id='word_1_218' title='bbox 738 3620 788 3686; x_wconf 89' lang='lat' dir='ltr'>Ad</span> <span class='ocrx_word' id='word_1_219' title='bbox 808 3621 882 3686; x_wconf 87' lang='lat' dir='ltr'>haec</span> <span class='ocrx_word' id='word_1_220' title='bbox 902 3621 1057 3688; x_wconf 76' lang='lat' dir='ltr'>annotarit</span> <span class='ocrx_word' id='word_1_221' title='bbox 1075 3620 1269 3686; x_wconf 88' lang='lat' dir='ltr'>Dindorfins:</span> <span class='ocrx_word' id='word_1_222' title='bbox 1291 3621 1388 3706; x_wconf 82' lang='grc' dir='ltr'><strong><em>,,χείω</em></strong></span> <span class='ocrx_word' id='word_1_223' title='bbox 1400 3621 1476 3685; x_wconf 94' lang='lat' dir='ltr'>Por-</span> 
     </span>
     <span class='ocr_line' id='line_1_28' title="bbox 352 3733 1475 3821; baseline 0.002 -23"><span class='ocrx_word' id='word_1_224' title='bbox 352 3757 453 3814; x_wconf 90' lang='lat' dir='ltr'>sonus,</span> <span class='ocrx_word' id='word_1_225' title='bbox 487 3736 581 3820; x_wconf 77' lang='grc' dir='ltr'><strong><em>χρείω</em></strong></span> <span class='ocrx_word' id='word_1_226' title='bbox 612 3734 654 3814; x_wconf 88' lang='grc' dir='ltr'>Η,</span> <span class='ocrx_word' id='word_1_227' title='bbox 688 3733 782 3820; x_wconf 81' lang='grc' dir='ltr'><strong><em>χρειὼ</em></strong></span> <span class='ocrx_word' id='word_1_228' title='bbox 815 3735 860 3800; x_wconf 91' lang='grc' dir='ltr'>Μ.</span> <span class='ocrx_word' id='word_1_229' title='bbox 896 3735 970 3820; x_wconf 76' lang='grc' dir='ltr'><strong><em>χείω</em></strong></span> <span class='ocrx_word' id='word_1_230' title='bbox 999 3735 1025 3798; x_wconf 91' lang='lat' dir='ltr'>si</span> <span class='ocrx_word' id='word_1_231' title='bbox 1055 3734 1176 3820; x_wconf 83' lang='lat' dir='ltr'>scripsit</span> <span class='ocrx_word' id='word_1_232' title='bbox 1197 3734 1396 3813; x_wconf 88' lang='lat' dir='ltr'>Ptolemaeus,</span> <span class='ocrx_word' id='word_1_233' title='bbox 1420 3757 1475 3821; x_wconf 88' lang='lat' dir='ltr'>pro</span> 
     </span>
     <span class='ocr_line' id='line_1_29' title="bbox 351 3847 1475 3934; baseline 0 -22"><span class='ocrx_word' id='word_1_234' title='bbox 351 3849 454 3926; x_wconf 85' lang='lat' dir='ltr'>futuro</span> <span class='ocrx_word' id='word_1_235' title='bbox 484 3847 600 3913; x_wconf 85' lang='lat' dir='ltr'>habuit.</span> <span class='ocrx_word' id='word_1_236' title='bbox 632 3847 692 3912; x_wconf 80' lang='lat' dir='ltr'>Sed</span> <span class='ocrx_word' id='word_1_237' title='bbox 725 3847 889 3913; x_wconf 85' lang='lat' dir='ltr'>videndum</span> <span class='ocrx_word' id='word_1_238' title='bbox 911 3870 949 3911; x_wconf 93' lang='lat' dir='ltr'>ne</span> <span class='ocrx_word' id='word_1_239' title='bbox 974 3849 1073 3932; x_wconf 84' lang='grc' dir='ltr'><strong><em>χεύσω</em></strong></span> <span class='ocrx_word' id='word_1_240' title='bbox 1096 3847 1256 3934; x_wconf 81' lang='lat' dir='ltr'>scripserit,</span> <span class='ocrx_word' id='word_1_241' title='bbox 1279 3848 1361 3933; x_wconf 90' lang='lat' dir='ltr'>qnod</span> <span class='ocrx_word' id='word_1_242' title='bbox 1383 3847 1419 3911; x_wconf 91' lang='lat' dir='ltr'>M</span> <span class='ocrx_word' id='word_1_243' title='bbox 1441 3848 1475 3912; x_wconf 90' lang='lat' dir='ltr'>in</span> 
     </span>
     <span class='ocr_line' id='line_1_30' title="bbox 350 3960 1474 4046; baseline -0.001 -21"><span class='ocrx_word' id='word_1_244' title='bbox 350 3966 437 4025; x_wconf 84' lang='lat' dir='ltr'>textu</span> <span class='ocrx_word' id='word_1_245' title='bbox 460 3960 550 4025; x_wconf 90' lang='lat' dir='ltr'>habet</span> <span class='ocrx_word' id='word_1_246' title='bbox 573 3983 641 4026; x_wconf 91' lang='lat' dir='ltr'>cnm</span> <span class='ocrx_word' id='word_1_247' title='bbox 665 3984 716 4044; x_wconf 82' lang='grc' dir='ltr'>γρ.</span> <span class='ocrx_word' id='word_1_248' title='bbox 743 3964 834 4046; x_wconf 79' lang='grc' dir='ltr'><strong><em>χεύω.</em></strong></span> <span class='ocrx_word' id='word_1_249' title='bbox 857 3997 957 4007; x_wconf 92' lang='lat'>-—</span> <span class='ocrx_word' id='word_1_250' title='bbox 978 3961 1127 4041; x_wconf 74' lang='lat' dir='ltr'>Xsdopsv</span> <span class='ocrx_word' id='word_1_251' title='bbox 1147 3961 1244 4026; x_wconf 83' lang='lat' dir='ltr'>futuri</span> <span class='ocrx_word' id='word_1_252' title='bbox 1255 3960 1474 4046; x_wconf 85' lang='lat' dir='ltr'>significatione</span> 
     </span>
     <span class='ocr_line' id='line_1_31' title="bbox 349 4072 1474 4153; baseline 0.004 -17"><span class='ocrx_word' id='word_1_253' title='bbox 349 4072 466 4139; x_wconf 91' lang='lat' dir='ltr'>dictum</span> <span class='ocrx_word' id='word_1_254' title='bbox 496 4074 588 4140; x_wconf 90' lang='lat' dir='ltr'>etiam</span> <span class='ocrx_word' id='word_1_255' title='bbox 618 4074 657 4138; x_wconf 90' lang='lat' dir='ltr'>Il.</span> <span class='ocrx_word' id='word_1_256' title='bbox 692 4073 735 4139; x_wconf 90' lang='lat' dir='ltr'>H.</span> <span class='ocrx_word' id='word_1_257' title='bbox 770 4077 844 4153; x_wconf 81' lang='lat'>336,</span> <span class='ocrx_word' id='word_1_258' title='bbox 876 4111 920 4122; x_wconf 90' lang='lat'><em>-</em></span> <span class='ocrx_word' id='word_1_259' title='bbox 950 4073 1004 4138; x_wconf 90' lang='lat' dir='ltr'>nbi</span> <span class='ocrx_word' id='word_1_260' title='bbox 1026 4074 1110 4140; x_wconf 88' lang='lat' dir='ltr'>nulla</span> <span class='ocrx_word' id='word_1_261' title='bbox 1131 4076 1164 4141; x_wconf 91' lang='lat' dir='ltr'>in</span> <span class='ocrx_word' id='word_1_262' title='bbox 1186 4076 1308 4142; x_wconf 89' lang='lat' dir='ltr'>scholiis</span> <span class='ocrx_word' id='word_1_263' title='bbox 1331 4084 1474 4143; x_wconf 86' lang='lat' dir='ltr'>annotata</span> 
     </span>
     <span class='ocr_line' id='line_1_32' title="bbox 348 4171 1472 4278; baseline 0.007 -29"><span class='ocrx_word' id='word_1_264' title='bbox 348 4193 395 4250; x_wconf 88' lang='lat' dir='ltr'>est</span> <span class='ocrx_word' id='word_1_265' title='bbox 418 4188 582 4276; x_wconf 85' lang='lat' dir='ltr'>scripturae</span> <span class='ocrx_word' id='word_1_266' title='bbox 605 4187 772 4253; x_wconf 85' lang='lat' dir='ltr'>diversitas.</span> <span class='ocrx_word' id='word_1_267' title='bbox 797 4186 930 4254; x_wconf 85' lang='lat' dir='ltr'>Verba</span> <span class='ocrx_word' id='word_1_268' title='bbox 952 4189 1133 4274; x_wconf 85' lang='lat' dir='ltr'>proxima</span> <span class='ocrx_word' id='word_1_269' title='bbox 1156 4171 1472 4278; x_wconf 69' lang='lat' dir='ltr'>ucl’Aploroep·</span> 
     </span>
     <span class='ocr_line' id='line_1_33' title="bbox 350 4298 1472 4386; baseline 0.006 -22"><span class='ocrx_word' id='word_1_270' title='bbox 350 4324 439 4385; x_wconf 87' lang='grc' dir='ltr'><strong><em>χος,</em></strong></span> <span class='ocrx_word' id='word_1_271' title='bbox 466 4298 731 4385; x_wconf 80' lang='grc' dir='ltr'><strong><em>Ἡρωδιανὸς</em></strong></span> <span class='ocrx_word' id='word_1_272' title='bbox 756 4299 797 4364; x_wconf 80' lang='grc' dir='ltr'>δὲ</span> <span class='ocrx_word' id='word_1_273' title='bbox 823 4306 927 4386; x_wconf 79' lang='grc' dir='ltr'><strong><em>χεύω</em></strong></span> <span class='ocrx_word' id='word_1_274' title='bbox 950 4303 1130 4369; x_wconf 85' lang='lat' dir='ltr'>fortasse</span> <span class='ocrx_word' id='word_1_275' title='bbox 1152 4304 1210 4369; x_wconf 89' lang='lat' dir='ltr'>sic</span> <span class='ocrx_word' id='word_1_276' title='bbox 1234 4312 1329 4372; x_wconf 86' lang='lat' dir='ltr'>snnt</span> <span class='ocrx_word' id='word_1_277' title='bbox 1349 4306 1472 4372; x_wconf 85' lang='lat' dir='ltr'>corri-</span> 
     </span>
     <span class='ocr_line' id='line_1_34' title="bbox 347 4413 1470 4506; baseline 0.008 -28"><span class='ocrx_word' id='word_1_278' title='bbox 347 4414 490 4498; x_wconf 83' lang='lat' dir='ltr'>genda:</span> <span class='ocrx_word' id='word_1_279' title='bbox 517 4414 808 4501; x_wconf 83' lang='grc' dir='ltr'><strong><em>Ἀρίσταρχος</em></strong></span> <span class='ocrx_word' id='word_1_280' title='bbox 832 4413 874 4478; x_wconf 77' lang='lat' dir='ltr'>ds*</span> <span class='ocrx_word' id='word_1_281' title='bbox 900 4418 969 4481; x_wconf 83' lang='grc' dir='ltr'>καί</span> <span class='ocrx_word' id='word_1_282' title='bbox 992 4417 1257 4503; x_wconf 79' lang='grc' dir='ltr'><strong><em>Ἡρωδιανὸς</em></strong></span> <span class='ocrx_word' id='word_1_283' title='bbox 1279 4422 1470 4506; x_wconf 53' lang='lat' dir='ltr'>pacm-ff</span> 
     </span>
     <span class='ocr_line' id='line_1_35' title="bbox 348 4526 1466 4623; baseline 0.004 -26"><span class='ocrx_word' id='word_1_284' title='bbox 348 4526 440 4597; x_wconf 80' lang='lat' dir='ltr'>Quod</span> <span class='ocrx_word' id='word_1_285' title='bbox 458 4551 529 4615; x_wconf 87' lang='lat' dir='ltr'>pace</span> <span class='ocrx_word' id='word_1_286' title='bbox 548 4529 606 4594; x_wconf 88' lang='lat' dir='ltr'>viri</span> <span class='ocrx_word' id='word_1_287' title='bbox 624 4529 781 4596; x_wconf 88' lang='lat' dir='ltr'>clarissimi</span> <span class='ocrx_word' id='word_1_288' title='bbox 801 4529 917 4596; x_wconf 82' lang='lat' dir='ltr'>dietam</span> <span class='ocrx_word' id='word_1_289' title='bbox 938 4539 1012 4613; x_wconf 84' lang='lat' dir='ltr'>esto,</span> <span class='ocrx_word' id='word_1_290' title='bbox 1037 4533 1065 4598; x_wconf 91' lang='lat' dir='ltr'>ei</span> <span class='ocrx_word' id='word_1_291' title='bbox 1084 4533 1229 4600; x_wconf 86' lang='lat' dir='ltr'>adsentiri</span> <span class='ocrx_word' id='word_1_292' title='bbox 1252 4557 1313 4601; x_wconf 92' lang='lat' dir='ltr'>non</span> <span class='ocrx_word' id='word_1_293' title='bbox 1332 4557 1466 4623; x_wconf 77' lang='lat' dir='ltr'>possim.</span> 
     </span>
    </p>
   </div>
   <div class='ocr_carea' id='block_1_6' title="bbox 0 0 1732 5330">
    <p class='ocr_par' dir='ltr' id='par_1_8' title="bbox 0 0 1732 5330">
     <span class='ocr_line' id='line_1_36' title="bbox 0 0 1732 5330; baseline 0 3"><span class='ocrx_word' id='word_1_294' title='bbox 0 0 1732 5330; x_wconf 95' lang='lat' dir='ltr'> </span> 
     </span>
    </p>
   </div>
  </div>
 </body>
</html>
