3442 5330
888 667 929 728 50

344 853 486 936 bitumen
509 855 542 922 iu
558 851 678 940 loquaci
693 851 816 930 acholio,
840 849 1001 938 Porphyrii
1021 849 1086 918 sine
1106 850 1210 929 dubio,
1232 851 1269 916 ad
1289 876 1322 915 α.
1338 856 1368 931 1,
1381 850 1467 918 cuius

344 970 436 1036 etiam
458 991 526 1057 pars
546 967 642 1035 maior
659 967 772 1054 legihu
790 966 823 1030 in
842 964 907 1030 cod.
928 965 1072 1030 Leidensi
1084 964 1266 1033 scholiorum
1278 965 1465 1043 adflictam,

345 1091 376 1150 et
406 1083 477 1150 inde
507 1106 524 1148 a
553 1081 754 1148 Valckemrio
784 1079 877 1146 relata
910 1078 948 1143 ad
977 1079 1004 1142 Ι.
1038 1082 1101 1143 308
1132 1078 1273 1163 editaque
1307 1079 1345 1144 ed
1376 1080 1468 1144 finem

344 1197 509 1275 Ammonii
534 1194 726 1264 monentibus
749 1194 938 1260 Buttmanno
960 1193 994 1260 iu
1015 1194 1097 1258 Add.
1118 1217 1147 1280 p.
1170 1197 1244 1272 562,
1264 1192 1466 1259 etDindorfio

343 1311 377 1377 iu
396 1314 497 1376 annot.
511 1311 549 1375 ad
559 1316 698 1376 nostrum
708 1309 818 1374 locum.
831 1307 1013 1394 Disputatur
1023 1307 1057 1372 in
1067 1306 1125 1372 hoc
1136 1307 1260 1385 scholio,
1273 1329 1335 1391 quo
1345 1307 1468 1372 tandem

344 1445 434 1490 sensu
463 1423 614 1489 Homerus
645 1421 786 1506 Ulyssem
817 1418 1024 1505 πολύτροπον
1056 1419 1176 1499 dixerit,
1207 1420 1288 1506 quod
1311 1420 1467 1507 epitheton

343 1536 519 1604 Antistheni
550 1534 693 1623 vituperii
724 1535 826 1622 potius
848 1555 939 1622 quam
961 1534 1060 1600 laudis
1080 1533 1230 1600 iudicium
1251 1533 1359 1600 hahere
1381 1534 1468 1600 vide-

343 1651 442 1716 batur.
466 1649 525 1715 οὐκ
549 1651 699 1716 ἐπαινεῖν
726 1671 823 1733 φησιν
847 1647 1076 1732 Ἀντισθένης
1099 1649 1246 1734 Ὅμηρον
1266 1652 1324 1714 τόν
1344 1648 1466 1714 Ὀδυσ-

344 1763 402 1829 σία
433 1763 559 1847 μᾶλλον
583 1768 604 1846 ἤ
627 1763 757 1848 ψέγειν,
789 1761 930 1841 λέγοντα
953 1761 1055 1828 αὐτόν
1078 1761 1298 1848 πολύτροπον.
1324 1761 1384 1828 οὐκ
1408 1753 1466 1827 οὖν

343 1882 400 1944 τόν
434 1876 594 1962 Ἀχιλλέα
627 1880 683 1943 καὶ
715 1880 773 1941 τόν
804 1876 945 1942 Α’ίαντα
976 1873 1201 1961 πολυτρόπους
1233 1874 1465 1959 πεποιηκέναι,

343 1989 417 2054 ἀλλ’
449 1988 573 2064 ἁπλοῦς
605 1992 661 2053 καί
690 1987 853 2065 γεννάδας
884 1996 941 2055 etc.
973 1991 1034 2055 Sed
1056 1991 1134 2056 hanc
1156 1991 1365 2076 gravissimam
1388 1991 1467 2055 diffi-

342 2102 485 2168 cultatem
514 2102 712 2168 Antisthenes
741 2103 785 2167 ita
816 2101 923 2168 solvit:
958 2101 1059 2191 (λύοιν
1091 2095 1149 2168 οὖν
1180 2107 1199 2168 o‘
1225 2103 1328 2170 Ἀντ.
1357 2104 1465 2188 epod:

214 2231 217 2238 '
343 2214 446 2280 Habet
478 2214 658 2282 vocabulum
692 2219 810 2300 τρόπος
845 2215 996 2302 duplicem
1030 2217 1297 2302 significationem
1340 2218 1468 2286 referam

342 2328 423 2394 enim
442 2329 552 2396 autad
574 2351 671 2396 mores
693 2335 724 2394 et
746 2328 888 2407 indolem,
913 2336 967 2394 aut
985 2329 1024 2396 ad
1042 2330 1202 2398 verborum
1216 2355 1322 2398 usum:
1343 2338 1466 2414 μήποτε

342 2433 399 2508 οὖν
433 2441 585 2533 (fortasse)
615 2447 634 2507 ό
664 2445 783 2527 τρόπος
811 2443 847 2507 τό
871 2441 931 2525 μέν
956 2468 989 2506 τι
1013 2433 1162 2527 σηγιαίνιι
1187 2450 1223 2509 τό
1246 2440 1342 2526 ἦθος,
1368 2450 1404 2510 τὸ
1429 2444 1465 2509 δέ

342 2581 376 2620 τι
406 2557 556 2640 σημαίνει
587 2559 647 2638 τὴν
679 2559 735 2622 τοῦ
768 2554 867 2634 λόγου
903 2563 1028 2641 χρῆσιν.
1061 2558 1163 2644 IgItur
1193 2557 1397 2643 πολύτροπος
1421 2567 1468 2624 est

341 2671 395 2756 qui
424 2672 463 2738 de
492 2672 596 2739 eadem
623 2694 665 2751 re,
689 2671 856 2738 secuudum
877 2671 991 2737 variam
1012 2672 1185 2739 auditorum
1207 2672 1349 2752 indolem,
1374 2674 1465 2740 variis

341 2785 439 2851 modis
462 2807 549 2871 agere
572 2785 698 2852 didicit:
724 2787 932 2868 ἐπιστάμενοι
952 2784 1094 2860 πολλούς
1113 2790 1253 2872 τρόπους
1273 2784 1378 2865 λόγων
1391 2791 1464 2872 περί

341 2900 397 2964 τοῦ
420 2897 520 2963 αὐτοῦ
544 2896 745 2984 πολύτροποι
769 2903 812 2965 ἂν
837 2893 913 2967 εἷεν.
937 2899 1115 2988 Explicatur
1137 2902 1212 2987 quid
1234 2901 1292 2967 hoc
1310 2902 1371 2967 sibi
1390 2903 1465 2969 velit

340 3010 476 3097 exemplo
492 3011 690 3097 Pythagorae.
714 3013 798 3077 οὕτω
817 3015 872 3076 καί
885 3017 1093 3099 Πυθαγόρας
1106 3013 1236 3093 λέγεται
1249 3019 1328 3100 πρός
1341 3015 1464 3092 παῖδας

341 3121 495 3196 ἀξιωθείς
528 3130 732 3203 ποιήσασθαι
765 3125 882 3203 λόγους
909 3124 1081 3192 διαθεῖναι
1105 3133 1184 3212 πρὸς
1206 3128 1325 3203 αὐτούς
1348 3129 1464 3208 λόγους

339 3234 525 3316 παιδικούς,
551 3239 607 3300 καί
631 3240 710 3322 πρός
734 3244 896 3314 γυναῖκας
920 3239 1075 3316 γυναιξίν
1098 3241 1288 3324 ἆρμσόίους,
1313 3244 1461 3328 καὶπρὸς

339 3352 504 3434 ἄρχοντας
527 3349 754 3435 οἰρχοντικούς,
779 3352 835 3414 καί
860 3354 939 3436 πρὸς
961 3354 1100 3439 ἐφήβους
1121 3355 1306 3441 ἐφηβικούς.
1330 3359 1461 3441 τόνγοίρ

337 3464 486 3538 ἑκάστοις
505 3468 691 3548 πρόσφορον
720 3469 843 3550 τρόπον
872 3468 943 3551 [τῆς
967 3468 1098 3554 σοφίας]
1126 3467 1322 3554 ἐξευρίσκειν
1347 3473 1462 3554 σοφίας

339 3574 441 3641 ἐστίν·
476 3575 530 3665 (Iu
560 3577 608 3642 his
640 3584 695 3661 τῆς
728 3579 856 3661 σοφίας,
890 3604 967 3668 „pro
994 3603 1055 3666 quo
1076 3619 1121 3630 —
1140 3591 1259 3649 -aut
1282 3587 1338 3648 τοῦ
1363 3583 1462 3663 λόγου

336 3691 472 3776 oportuit
504 3697 557 3757 aut
584 3691 683 3757 nihil’'
710 3690 748 3780 1),
779 3693 940 3760 delendum
972 3702 1027 3773 est,
1052 3696 1117 3762 sine
1138 3696 1232 3762 dubio
1255 3720 1292 3764 ex
1314 3698 1462 3783 dittogra-

337 3802 409 3888 phia
432 3806 555 3893 ortum),
580 3805 729 3888 ἀμαθίας
753 3805 787 3872 δὲ
813 3812 849 3872 τό
875 3811 953 3892 πρός
977 3809 1052 3881 τούς
1077 3809 1237 3892 α’νομοίοος
1257 3810 1393 3896 ἔχοντας
1414 3819 1459 3895 τῷ

337 3919 393 3981 τοῦ
427 3914 526 3995 λόγου
558 3925 701 4004 χρῆσθαι
724 3924 929 4004 μονοτρόπῳ.
955 3919 1007 3984 Sic
1028 3921 1101 3988 haec
1123 3931 1256 3990 extrema
1277 3947 1358 3991 nunc
1380 3931 1461 3992 recte

334 4052 372 4095 ex
402 4029 443 4094 H.
478 4032 643 4098 constituta
674 4040 755 4110 sunt,
788 4055 865 4118 quae
895 4031 967 4097 olim
999 4033 1043 4100 ita
1073 4036 1248 4119 edebantur,
1271 4045 1307 4104 ut
1329 4040 1460 4126 intelligi

333 4164 396 4208 non
430 4153 561 4230 possent.
597 4146 718 4232 Nempe
750 4145 926 4231 „legebatur
955 4145 1103 4229 α’μαθίας
1136 4151 1170 4215 δι’
1204 4146 1289 4218 εἶναι
1319 4157 1355 4216 τό
1380 4157 1459 4237 πρός

334 4256 410 4330 τούς
433 4255 609 4339 α’νομοίους
633 4258 879 4342 ἐντυγχάνοντα
903 4264 959 4323 τοῦ
981 4258 1080 4339 λόγου
1102 4266 1137 4328 τό
1156 4269 1373 4350 μονότροπον,
1387 4289 1460 4332 con·

334 4369 482 4434 sentiente
504 4369 591 4437 Leid.
618 4369 651 4433 iu
674 4391 733 4453 qua
756 4371 904 4457 scriptura
926 4373 1113 4442 desideratur
1134 4378 1304 4445 infinitivus
1328 4401 1459 4463 quocum

337 4525 554 4536 -——-.-.-.

366 4614 384 4675 ¹)
403 4615 442 4666 Sic
458 4617 622 4678 Buttmcunus,
640 4618 680 4684 qui
697 4619 721 4670 in
738 4619 778 4670 illo
795 4621 893 4686 repetito
910 4625 1001 4683 σοφίας
1018 4641 1042 4676 se
1062 4626 1157 4678 haerere
1174 4629 1303 4693 profitetur.
