3442 5330
887 673 927 738 36

348 867 471 947 κριίνει,
504 860 559 925 διά
591 864 626 926 τό
659 851 744 927 εἶναι
769 863 828 942 τὴν
853 861 914 944 πρό
939 859 1039 943 αὐτῆς
1060 862 1232 946 βραχεῖαν,
1260 899 1361 913 —·-
1383 860 1467 927 οότω

348 980 484 1062 κητὼεις
508 967 656 1055 ἐκτείνει,
690 975 852 1060 inquibus
881 975 1057 1041 Dindorfius
1080 982 1160 1041 recte
1182 976 1304 1042 induxit
1328 975 1466 1060 ἔγραφε,

347 1093 428 1179 quod
459 1091 637 1158 sententiam
668 1089 840 1176 pessumdat
871 1087 914 1176 (p.
949 1093 1023 1166 169,
1059 1089 1103 1178 7).
1134 1091 1244 1176 Neque
1266 1091 1367 1156 minus
1389 1097 1469 1155 recte

348 1228 377 1292 p.
403 1210 477 1284 218,
500 1206 520 1269 l.
546 1209 576 1281 6,
600 1205 638 1268 ad
662 1201 692 1265 δ.
720 1205 794 1266 500.
819 1203 915 1285 γνραί
940 1200 1057 1286 πέτραι
1087 1204 1146 1266 είσί
1172 1205 1243 1287 περὶ
1269 1207 1329 1284 τὴν
1353 1205 1468 1267 Μιλτο-

349 1342 407 1383 νον
433 1317 619 1403 [πλησίον],
635 1307 791 1390 Μόνονος
813 1313 848 1377 δὲ
871 1317 926 1377 καί
939 1313 1054 1390 Νάξος
1068 1321 1134 1379 τῶν
1147 1315 1332 1382 Κυκλάδων
1346 1322 1465 1396 νήσων,

348 1430 386 1496 ad
408 1453 484 1517 quae
506 1431 538 1495 in
560 1437 633 1495 nota
654 1429 848 1493 Dindorfius:
874 1426 1034 1512 ,πλησίον
1059 1428 1252 1508 delendum,”
1275 1437 1307 1494 et
1333 1428 1363 1492 δ.
1391 1433 1465 1507 641,

347 1546 385 1609 de
414 1568 478 1610 voc.
512 1550 626 1625 θῆτεςε
655 1547 673 1607 ό
703 1542 829 1621 κανὼν,
866 1545 906 1606 τά
938 1545 982 1616 εἷς
1015 1568 1052 1625 ης
1082 1542 1228 1624 ὀνόματα
1265 1542 1335 1628 [διό
1367 1546 1467 1624 τσίιη

348 1660 522 1742 γράφεται]
555 1655 785 1742 μονοσύλλαβα
818 1654 866 1734 δὲ,
900 1653 955 1718 διά
990 1659 1045 1720 τοῦ
1077 1683 1096 1738 η
1129 1655 1311 1740 κλίνονται,
1335 1663 1392 1722 etc.
1421 1653 1467 1744 (p.

350 1776 424 1849 226,
449 1771 517 1859 19),
547 1770 611 1849 ubi,
635 1793 725 1857 quam
756 1769 875 1834 uncinis
906 1769 1015 1834 inclusi
1037 1769 1280 1856 dittographiam,
1313 1768 1468 1834 damnant

346 1886 437 1949 etiam
459 1885 618 1952 Prellerus.
641 1883 887 1970 Dittographiam
910 1883 1034 1967 agnovit
1058 1882 1244 1961 Dindorfius,
1269 1905 1298 1969 p.
1324 1885 1399 1958 264,
1427 1884 1467 1944 20

349 1999 386 2062 ad
418 2023 444 2061 ε.
461 1993 545 2075 295,
577 1997 632 2061 ubi
655 1997 692 2062 de
723 1997 814 2061 variis
848 2002 1008 2061 ventorum
1036 1994 1197 2080 generibus
1228 1996 1341 2082 agitur:
1373 1996 1471 2057 καίό

348 2112 408 2192 μὲν
432 2108 622 2192 ἀπηλιώτης
644 2109 770 2193 όγρός
794 2108 846 2172 ὢν
868 2106 1064 2193 μεταβάλλει
1086 2111 1130 2183 εἷς
1151 2113 1248 2174 νότον
1274 2108 1383 2193 [ὑγρός
1403 2106 1465 2191 ὤν]

350 2225 471 2307 θερμόν
501 2226 596 2302 ὄντα,
629 2225 647 2286 o‘
678 2222 712 2286 δέ
745 2227 838 2297 νότος
870 2220 1109 2304 λεπτυνόμενος
1142 2224 1187 2299 είς
1213 2221 1365 2306 ζέφυρον,
1391 2223 1410 2284 ό
1433 2218 1468 2282 δέ

350 2335 485 2421 ζέφυρος
506 2336 555 2401 ἔτι
575 2335 700 2419 μᾶλλον
714 2335 953 2417 λεπτυνόμενος
978 2338 1022 2410 εἷς
1046 2334 1166 2422 βορέαν
1188 2335 1467 2418 ἀποκαθαίρεται·

348 2452 525 2538 monuitque
548 2452 585 2516 de
607 2475 641 2516 ea
663 2473 695 2516 re
717 2451 750 2515 in
772 2451 850 2537 App.
875 2474 904 2536 p,
932 2451 1013 2514 763:
1040 2450 1190 2531 „alterum
1211 2448 1283 2532 όγρ.
1310 2449 1367 2532 ὼν,
1388 2447 1470 2534 quod

347 2565 463 2644 seclusi,
482 2566 563 2630 haud
586 2564 677 2631 dubie
695 2589 733 2631 ex
754 2563 999 2630 antecedentibus
1022 2562 1214 2649 repetitum.''
1236 2562 1287 2627 Sic
1306 2563 1339 2628 in
1357 2559 1471 2626 scholio

348 2680 386 2744 ad
411 2679 439 2754 ζ.
473 2683 548 2759 287,
572 2683 612 2760 ἤτ
636 2678 778 2770 (Homeri
808 2686 898 2744 textt.
922 2681 1032 2744 rectius
1054 2681 1119 2763 ἣτ’)
1144 2676 1276 2761 ἀίκητιε
1303 2673 1467 2761 ψιλωτίον

348 2798 384 2858 τό
416 2798 480 2874 ἤτ’,
513 2797 559 2859 ‘lv’
591 2791 611 2880 ᾖ
642 2795 754 2869 οὕτως·
787 2796 843 2857 καί
875 2791 979 2876 άλλην
1010 2790 1110 2882 (ἄλλῃ
1142 2797 1222 2858 recte
1253 2790 1312 2880 H.)
1334 2795 1467 2873 νεμεσῶ,

348 2909 418 2986 ἥτις
442 2911 485 2972 ἂν
510 2912 613 2972 ταῦτά
626 2934 660 2985 γε
682 2907 767 2992 ῥέζοι
790 2911 844 2970 καί
865 2907 979 2989 ἀέκητι
1001 2904 1124 2984 γονέων
1143 2904 1280 2990 ἀνδράσι
1300 2905 1467 2987 μίσγηται.

351 3021 618 3105 [Ἀρίσταρχος],
649 3022 703 3086 uhi
732 3021 899 3086 Aristarchi
928 3043 1037 3085 nomen
1070 3021 1292 3085 Buttmannum
1317 3019 1394 3084 male
1416 3018 1471 3082 ha·

347 3132 424 3212 buit,
454 3158 471 3198 a
505 3133 662 3198 Dindorfio
692 3133 835 3210 deletum,
870 3112 974 3219 utpote
1004 3133 1065 3197 huc
1094 3133 1213 3198 illatum
1235 3156 1272 3198 ex
1296 3132 1408 3198 scholio
1430 3131 1469 3195 ed

272 3249 277 3256 ’
345 3270 388 3312 vs.
421 3251 495 3310 289.
527 3249 568 3333 (p.
596 3249 670 3324 317,
704 3251 745 3310 19
780 3253 811 3310 et
841 3245 941 3333 not.);
972 3253 1004 3311 et
1033 3252 1135 3333 postea
1157 3246 1189 3310 in
1212 3246 1311 3311 Praef.
1336 3268 1364 3332 p.
1391 3266 1465 3309 mv:

345 3361 461 3443 „Recte
481 3360 604 3446 conjeci,
628 3358 794 3424 Aristarchi
817 3380 927 3423 nomen
953 3359 1030 3424 mele
1050 3359 1110 3424 huc
1131 3359 1252 3424 illatum
1276 3382 1349 3426 esse.
1373 3358 1469 3422 Abest

344 3474 382 3539 ab
406 3473 469 3538 H.''
494 3474 640 3538 Similiter
662 3479 796 3538 erratum
820 3480 866 3564 est
890 3473 928 3537 ad
953 3473 980 3548 ζ.
1006 3477 1086 3553 3103
1112 3473 1165 3538 ubi
1187 3474 1341 3538 Nausicaa
1364 3471 1468 3556 Ulyssi

347 3594 451 3652 auctor
481 3595 536 3666 est,
569 3594 605 3651 ut
634 3587 765 3674 primum
797 3589 932 3653 omnium
964 3595 1098 3653 amatre
1121 3611 1175 3653 sua
1205 3585 1352 3650 auxilium
1376 3589 1467 3671 petat,

347 3703 432 3766 cuius
462 3701 578 3767 consilii
609 3725 729 3768 causam
759 3702 916 3767 scholiasta
944 3702 1044 3766 reddit
1064 3701 1257 3766 bellissimam
1279 3699 1371 3764 hanc:
1396 3702 1467 3777 ἤτοι

346 3816 389 3889 ὡς
413 3821 495 3896 γυνὴ
520 3822 664 3893 γυναῖκα
688 3817 868 3901 προκρίνει,
893 3821 914 3897 ἠ·
937 3817 1005 3879 έπεί
1038 3819 1307 3898 φρονιμωτάτηὴ
1338 3811 1468 3896 Ἀρήτη

347 3927 580 4011 παραδίδοται.
608 3932 662 3994 καί
693 3928 800 4005 άλλως
825 3929 860 3992 δέ
885 3927 1112 4011 φιλοίκτιρμον
1137 3930 1173 3992 τό
1197 3926 1296 4007 θῆλυ.
1326 3922 1468 4011 [Καλλί-

347 4047 511 4129 στρατος].
536 4045 669 4124 nHQV3
691 4046 743 4111 sed
756 4043 1028 4128 ,Καλλίστρατος
1048 4045 1164 4107 omittit
1184 4041 1224 4120 V,
1245 4048 1276 4105 et
1288 4041 1408 4107 videtur
1419 4061 1469 4105 or·

344 4165 412 4223 tum
430 4181 468 4222 ex
479 4159 591 4223 scholio
603 4159 750 4245 proximo,
764 4158 844 4244 quod
864 4157 901 4222 ab
912 4157 969 4221 hoc
980 4157 1101 4222 nomine
1112 4155 1250 4243 incipit.''
1267 4160 1309 4241 (p.
1324 4157 1398 4232 319,
1420 4152 1467 4241 6.)

345 4273 394 4336 Ad
427 4278 505 4336 θ.9
536 4274 608 4338 haec
639 4281 685 4338 est
717 4272 875 4358 allegorica
913 4271 1120 4358 interpretatio
1153 4272 1289 4336 Athenae
1317 4269 1469 4334 Phaeaces

345 4387 382 4449 ad
405 4373 579 4452 concionem
600 4387 751 4452 vocantis:
775 4395 796 4468 ηΓ
820 4392 906 4468 φημη
931 4386 966 4448 ἐκ
992 4391 1171 4469 φρονήσεως
1197 4387 1268 4449 καί
1302 4386 1470 4448 οίκονο-

344 4500 442 4579 μίας
462 4507 518 4566 τοῦΙ
541 4500 730 4574 Ὀδυσσέως.
755 4503 822 4564 ἐστὶ
844 4499 879 4563 δέ
901 4503 956 4566 καί
979 4506 1033 4567 τοῦ
1055 4506 1195 4585 Ὁμήρου
1215 4503 1273 4565 ίνα
1298 4504 1468 4581 γνωρισθῇ

347 4615 401 4680 καί
427 4621 471 4700 τῷ
497 4621 596 4701 κοινῷ
620 4613 726 4702 λαῷό
752 4613 938 4698 Ὀδυσσεύς,
963 4622 1074 4699 μήπως
1098 4622 1178 4680 καθ’
1202 4613 1277 4680 όδόν
1304 4612 1470 4697 κομιζόμε·
