3442 5330
806 651 845 712 11

266 836 480 901 desiderantur.
513 836 561 900 De
592 835 640 900 his
671 835 821 915 omnibus,
853 858 915 901 uno
938 835 1091 919 alteroque
1114 842 1238 922 excepto
1263 835 1301 924 ¹),
1324 860 1387 902 non

268 949 382 1024 dubito,
417 950 492 1033 quin
522 950 589 1014 iure
619 949 786 1014 Aristonici
819 949 995 1014 habeantur.
1032 949 1091 1014 Sed
1121 972 1159 1015 ne
1189 948 1233 1013 sic
1264 951 1386 1034 quidem

267 1085 367 1127 omnes
385 1063 553 1128 Aristonici
571 1071 668 1138 notas,
689 1065 722 1128 in
743 1063 933 1128 scholiorum
955 1069 1126 1128 nostrorum
1149 1064 1298 1148 farragine
1316 1064 1386 1128 lati·

265 1181 372 1253 tantes,
391 1177 601 1242 indicavimus.
619 1178 700 1242 Nam
721 1185 856 1263 superest
874 1184 920 1242 sat
939 1200 1065 1262 magnus
1085 1177 1218 1242 locorum
1233 1199 1386 1253 uumerus,

264 1289 317 1353 ubi
339 1290 372 1352 in
395 1290 509 1354 Scholii
532 1290 623 1354 initio
644 1313 707 1355 non
729 1292 810 1356 nude
832 1291 945 1375 legitur
967 1292 1031 1370 ότι,
1057 1291 1095 1356 ad
1115 1292 1195 1375 quod
1217 1291 1387 1357 subintelli-

265 1402 395 1486 gendum
419 1404 539 1487 signum
563 1403 685 1487 aliquod
709 1404 859 1468 criticum
872 1405 971 1470 versui
995 1405 1158 1491 appictum,
1185 1407 1226 1490 (v.
1251 1428 1276 1469 c.
1301 1403 1385 1486 q‘dt-

265 1514 327 1596 πλῆ
351 1516 415 1594 ὅτι,
441 1554 485 1564 -—
515 1520 534 1580 ό
556 1516 742 1600 α’στερίσκος
766 1519 829 1596 ὅτι,
856 1555 901 1565 -
923 1522 941 1581 o‘
963 1516 1076 1603 ὀβελὸς
1099 1519 1149 1580 ότι
1177 1519 1233 1604 -)
1259 1519 1312 1584 sed
1334 1518 1387 1601 qui

265 1630 307 1693 ita
329 1629 498 1716 incipiunt:
524 1633 734 1713 σημειοῦνταί
755 1656 842 1704 τινες
867 1632 913 1696 vel
933 1632 1105 1714 opperiemur
1126 1633 1174 1697 rel
1196 1630 1302 1695 ἰστέον
1323 1632 1385 1712 ότι,

267 1741 313 1808 vel
341 1743 435 1806 simili
464 1744 564 1808 modo.
598 1744 661 1815 Qui
691 1744 750 1809 loci
772 1746 834 1810 fere
858 1767 961 1810 omnes
984 1745 1152 1810 Aristarchi
1175 1745 1261 1827 signa
1283 1743 1388 1808 critica

268 1862 411 1941 spectant,
443 1857 480 1921 ab
511 1857 684 1923 Aristonico
714 1858 859 1944 exposita.
890 1859 937 1922 Ac
968 1858 1005 1922 de
1035 1857 1183 1922 eiusmodi
1206 1855 1326 1922 scholiis
1349 1856 1397 1924 ad.

266 1969 392 2034 iliadem
414 1992 477 2035 rem
500 1971 629 2037 confecit
650 1971 806 2048 Lehrsius‚
831 1971 925 2035 Arist.
951 1995 979 2058 p.
1007 1976 1026 2035 9
1050 1993 1132 2054 seqq.
1153 1971 1269 2036 Eadem
1286 1971 1388 2035 omnia

264 2081 362 2147 locum
385 2082 526 2149 obtinent
548 2084 581 2148 in
603 2085 725 2149 nostris.
750 2083 948 2149 Memorabile
970 2085 1061 2150 huius
1084 2085 1129 2150 rei
1152 2085 1321 2171 exemplum
1340 2091 1386 2150 est

264 2196 296 2259 in
319 2221 348 2278 η.
374 2198 437 2261 197
470 2196 524 2260 ubi
555 2198 592 2261 ad
624 2196 802 2281 καιροσέων
833 2195 863 2260 d’
887 2196 1035 2265 ὀθονέων
1061 2198 1191 2285 primum
1215 2220 1267 2285 per
1289 2198 1386 2262 solum

266 2309 314 2371 ὃτι
346 2314 524 2394 annotatum
552 2297 609 2376 est
629 2310 681 2400 (er
702 2310 869 2399 BHMPr)
896 2312 962 2374 ὅτι
988 2313 1042 2406 κα(
1069 2313 1121 2374 ἐπὶ
1147 2312 1240 2394 ἐρίων
1265 2315 1384 2374 ὁθόναι

267 2419 430 2506 λέγονται,
455 2423 563 2490 deinde
587 2447 624 2488 er
647 2425 710 2491 solo
732 2425 767 2489 P.
794 2423 935 2491 ἰστέον
956 2427 1021 2489 ότι
1043 2425 1081 2489 οὐ
1100 2429 1201 2506 μόνον
1215 2429 1274 2505 τὴν
1289 2422 1383 2500 λινῆν

268 2536 388 2617 ἐσθῆτα
419 2535 546 2620 ὀθόνην
579 2537 729 2621 ἐνόιλονν,
753 2537 838 2602 οἷλλὰ
864 2543 917 2602 καὶ
942 2542 982 2602 τὰ
1007 2537 1062 2603 διὰ
1087 2543 1153 2603 τῶν
1179 2539 1272 2621 ἐρίων
1300 2536 1383 2618 ὑφά-

267 2671 382 2730 σματα.
417 2649 460 2737 (Ρ.
487 2654 560 2715 333.
583 2652 604 2717 l.
630 2656 672 2716 12
695 2659 727 2716 et
750 2653 815 2738 17).
846 2653 932 2718 Haec
955 2653 1043 2717 ambo
1066 2652 1191 2716 eandem
1213 2672 1277 2716 esse
1299 2649 1385 2714 Aris-

265 2763 358 2828 tonici
380 2770 485 2828 notam
507 2771 614 2851 sponte
637 2771 729 2851 patet.
750 2764 793 2828 Et
811 2765 847 2829 de
866 2765 1020 2829 nonnullis
1040 2763 1151 2827 talibus
1163 2762 1283 2828 monuit
1294 2763 1385 2826 etiam

264 2875 448 2954 Dindorfius,
481 2899 530 2944 eas
558 2877 723 2943 Aristonici
747 2899 811 2942 esse
833 2878 939 2955 videri,
964 2878 1002 2941 de
1024 2875 1163 2962 plurimis
1186 2874 1290 2940 tacuit.
1314 2874 1384 2939 Mo-

265 2991 334 3054 nuit
356 2990 394 3055 ad
416 2992 449 3075 β.
477 2994 550 3056 334.
576 2992 809 3073 σημείωσαι
834 2992 898 3055 ότι
923 2995 1026 3055 πόνον
1051 2992 1111 3069 τὴν
1137 2988 1305 3073 ἐνέργειαν
1327 2991 1382 3051 καὶ

266 3109 491 3168 κακοπάθειαν
522 3100 609 3181 λέγει
641 3106 659 3166 o‘
690 3108 838 3186 ποιητὴς,
873 3102 1028 3168 οὐδέποτε
1063 3102 1097 3186 δέ
1130 3107 1190 3183 τὴν
1214 3101 1383 3186 α’λγηδόνα

266 3213 341 3304 (Μ.)
364 3217 402 3281 ad
425 3239 515 3300 quem
536 3216 636 3283 locum
658 3217 692 3282 in
715 3211 909 3282 annotatione
932 3216 1034 3303 posuit
1056 3216 1133 3281 illud
1157 3216 1281 3282 Oobeti:
1305 3217 1383 3298 „Est

262 3329 395 3395 scholion
424 3329 600 3408 Aristonici,
632 3331 682 3394 cui
712 3329 891 3396 recentiores
923 3331 1096 3413 σημείωοοιι
1121 3329 1313 3396 adiecerunt”
1340 3331 1382 3416 (p.
1411 3367 1414 3376 ν

263 3447 336 3522 111,
360 3443 380 3507 l.
407 3442 474 3532 20).
498 3443 613 3508 Eadem
636 3442 803 3509 observatio
822 3443 860 3507 de
879 3442 970 3509 verbo
992 3442 1132 3525 πέτομαι
1154 3451 1201 3509 est
1220 3443 1258 3508 ad
1271 3442 1302 3520 δ,
1318 3447 1383 3507 624

261 3557 547 3638 σημειοῦνταί
572 3581 707 3642 τινες,
731 3556 807 3620 οἰντὶ
831 3559 888 3621 τοῦ
913 3557 1083 3642 ἐνήργουν.
1111 3556 1196 3627 Quae
1217 3556 1254 3619 de
1277 3555 1381 3621 eodem

260 3668 350 3734 verbo
373 3669 410 3734 ad
432 3668 560 3734 Iliadem
583 3661 665 3734 dicta
688 3676 769 3748 sunt,
794 3668 916 3753 collegit
938 3669 1093 3744 Lehrsius‚
1117 3692 1146 3754 Ρ.
1170 3671 1187 3732 7
1192 3670 1211 3731 3
1228 3689 1310 3751 seqq.
1331 3667 1382 3732 Sic

261 3782 298 3846 ad
321 3808 350 3868 χ.
379 3786 418 3847 31
451 3783 524 3846 haec
554 3782 714 3848 dicuntur:
746 3780 901 3846 οὐδέποτε
925 3781 1068 3864 ’Όμηρος
1092 3781 1144 3842 ἐπὶ
1171 3780 1206 3843 τό
1231 3777 1320 3858 έλεγε
1345 3785 1380 3880 τό

261 3893 342 3974 ioue,
367 3893 441 3958 ἀλλ’
467 3895 520 3958 ἐπὶ
544 3897 600 3958 τοῦ
624 3896 756 3978 ιόμοέον.
780 3898 944 3976 ηπάτηται
970 3883 1026 3956 οὖν
1051 3890 1324 3972 όόιασιιεοαοτὴς
1345 3894 1379 3955 ἐκ

260 4011 314 4071 τοῦ
339 4007 430 4091 „iona
454 4005 579 4092 qadim
603 4007 708 4072 πολλοὶ
731 4005 833 4085 λέγων
857 4008 1019 4089 ἐτύμοισιν
1041 4002 1173 4089 ὃμοια,”
1192 4003 1245 4068 ubi
1264 4005 1297 4067 in
1308 4009 1381 4069 nota

259 4126 320 4184 est:
355 4120 465 4206 „Hane
498 4119 665 4187 Aristonici
696 4120 934 4186 observationem
969 4141 1033 4186 esse
1067 4116 1192 4183 coniicit
1223 4113 1378 4193 Lehrsius‚

261 4233 354 4298 Arist.
379 4257 408 4320 p.
433 4230 519 4298 106''
552 4230 609 4320 (97
633 4255 728 4298 novae
750 4231 850 4322 edit).
883 4233 926 4297 Et
950 4233 987 4300 ad
1011 4255 1035 4294 ε.
1063 4234 1115 4296 55.
1139 4227 1218 4313 πρὸς
1241 4229 1281 4289 τὰ
1305 4230 1377 4313 περὶ

291 4507 309 4566 ¹)
327 4506 361 4554 De
383 4503 458 4554 tribus
481 4502 537 4554 locis
554 4519 601 4552 uon
619 4507 682 4554 certo
699 4505 815 4554 affirmare
831 4505 913 4562 ausim,
932 4501 1058 4553 Aristonici
1075 4517 1113 4552 eos
1130 4515 1188 4549 esse:
1206 4499 1233 4560 ζ.
1251 4498 1292 4555 98,
1310 4516 1335 4564 η.
1353 4503 1377 4558 8,

257 4612 283 4660 η.
300 4595 363 4657 995;
379 4594 408 4648 tle
424 4593 519 4646 aetem
535 4609 571 4646 res
588 4594 613 4644 in
630 4592 725 4644 dubium
741 4595 820 4645 vocari
839 4593 927 4660 nequit.
