3442 5330
791 647 832 706 41

257 828 348 894 πόλιν
372 811 471 894 ἑλεῖν.
497 829 641 913 Sequitur
662 829 695 894 in
718 828 785 901 ΡΩ.
809 827 961 903 ’Ἄλλως
986 831 1069 894 κατά
1091 829 1293 915 παράλειψιν
1314 838 1370 912 τῆς

257 940 393 1023 κεφαλῆς
420 949 491 1020 eto,
523 949 555 1006 at
576 943 612 1006 E.
638 945 722 1006 κατά
748 942 953 1028 παράλειψιν
978 946 1047 1023 τοῦ,
1075 943 1226 1026 κεφαλῆς.
1251 949 1272 1026 ῆ
1294 943 1369 1009 cirri

257 1061 309 1120 τοῦ
332 1054 405 1130 ὅλος
428 1055 659 1141 συνέστρεψεν·
691 1058 725 1141 [ῆ
749 1060 840 1142 νηός]
868 1065 899 1123 et
921 1057 952 1119 V
976 1060 1061 1121 κατὰ
1085 1056 1235 1140 κεφαλῆς.
1255 1063 1276 1138 ἤ
1294 1057 1368 1122 οίντί

255 1174 308 1234 τοῦ
339 1167 428 1234 ὅλον.
462 1172 517 1234 καί
550 1174 610 1255 γάρ
643 1176 716 1235 κατ’
749 1174 853 1254 ἄκρας
878 1168 987 1260 (immo
1010 1177 1175 1254 κατάκρας
1197 1179 1233 1236 ut
1255 1171 1369 1260 supra)

255 1282 349 1350 πόλιν
369 1282 453 1349 ἑλεῖν
477 1282 594 1367 φαμέν.
614 1285 750 1350 Tandem
774 1285 800 1349 P
822 1285 914 1350 habet
935 1285 1083 1371 glossam:
1109 1287 1193 1348 κατά
1214 1283 1370 1367 κεφαλῆν.

254 1397 299 1463 1)ο
320 1399 427 1464 horum
457 1398 671 1464 vocabulorum
693 1397 845 1463 scribendi
870 1397 987 1464 ratione
1009 1399 1097 1464 multi
1118 1400 1213 1464 multa
1237 1398 1372 1486 disputa-

254 1516 331 1577 nmt.
362 1512 567 1576 Buttmauuus
590 1511 663 1577 haec
686 1511 842 1577 observat:
869 1511 938 1593 „Ex
961 1513 1018 1577 hoo
1040 1513 1231 1598 potissimum
1253 1535 1372 1577 accusa-

253 1625 323 1702 tivo,
349 1625 467 1712 (nempe
491 1627 574 1689 κατά
600 1623 756 1711 κεφαλήν)
782 1631 903 1712 apparet
927 1624 1051 1702 fuisse,”
1077 1624 1296 1708 (Rhiauusi’
1317 1627 1370 1690 cfr.

255 1761 327 1823 quae
348 1737 467 1804 Buttm.
491 1739 528 1804 ad
550 1762 594 1805 vs.
622 1741 684 1804 315
709 1739 880 1817 adnotavit3
904 1736 1015 1802 Scholl.
1038 1737 1076 1801 ad
1094 1737 1137 1801 N.
1160 1739 1232 1802 772.
1254 1740 1371 1810 τινὲς
1407 1741 1411 1748 “

256 1849 288 1913 δε·
320 1859 395 1936 κρῆς
421 1850 672 1937 μονοσνλλάβως
706 1852 775 1938 etc.)
810 1851 885 1935 „qui
908 1852 986 1916 hanc
1009 1850 1169 1916 formulam
1191 1851 1235 1915 ita
1256 1851 1373 1916 divide-

256 1973 335 2030 rent:
369 1967 453 2030 κατά
486 1972 563 2047 κράς
594 1966 642 2030 vel
666 1963 776 2048 κρῆς.”
800 1964 840 2028 In
863 1965 978 2030 scholio
1001 1988 1038 2030 ex
1060 1965 1088 2028 E
1111 1964 1231 2030 videtur
1253 1968 1273 2044 ῆ
1297 1970 1373 2048 νηὸς

254 2100 315 2142 csse
337 2079 507 2157 delendum,
541 2077 625 2162 quod·
645 2078 720 2161 quid
742 2077 801 2141 huo
823 2077 924 2156 faciat,
948 2101 1011 2142 uon
1034 2079 1132 2143 video.
1155 2077 1227 2144 Dici
1250 2080 1373 2163 quidem

254 2197 358 2276 potest,
382 2191 415 2255 in
439 2197 512 2254 κατ’
536 2195 638 2275 ἄκρης
661 2213 725 2255 voc.
750 2193 852 2273 ἄκρης
872 2213 928 2278 pro
948 2191 1095 2257 adiectivo
1115 2213 1179 2257 asse
1190 2191 1371 2270 habendum,

255 2311 292 2382 et,
312 2304 563 2390 quemadmodum
575 2302 765 2369 substantivo
781 2301 921 2386 κεφαλῆς
943 2305 1089 2390 expletur,
1109 2305 1153 2370 ita
1171 2307 1262 2372 etiam
1275 2307 1369 2372 subst.

258 2421 342 2502 νηός,
367 2425 404 2484 ut
425 2423 525 2484 totum
544 2419 584 2484 sit
608 2425 681 2481 κατ’
705 2420 808 2502 ἄκρης
832 2423 919 2500 νηός,
947 2419 1000 2484 sed
1018 2419 1075 2483 hoc
1098 2419 1166 2485 idco
1185 2420 1372 2506 probandum

256 2555 314 2597 uon
344 2540 399 2612 est,
431 2533 573 2618 quoniam
600 2532 634 2597 iu
662 2532 801 2597 omnibus
825 2531 956 2610 scholiis,
981 2556 1017 2598 ex
1039 2532 1128 2604 Pov
1151 2539 1181 2598 et
1205 2533 1242 2597 ad
1265 2533 1303 2596 Il.
1329 2533 1367 2609 Ο,

257 2649 316 2711 557
347 2669 384 2710 ex
406 2645 438 2708 V
461 2647 563 2711 eadem
586 2645 746 2731 explicatio
769 2646 877 2711 iisdem
900 2649 962 2712 fere
984 2646 1084 2713 verbis
1108 2653 1249 2732 concepta
1271 2668 1371 2710 recur-

255 2759 295 2824 rit
318 2756 356 2848 ¹),
381 2759 488 2825 sedin
511 2760 549 2824 iis
572 2758 690 2824 nullum
714 2758 807 2824 subst.
832 2764 853 2842 ἠ·
876 2765 952 2844 νηός
976 2760 1157 2844 vestigium
1176 2765 1207 2822 et
1227 2759 1371 2842 quianon

254 2871 403 2959 frangitur
425 2872 542 2958 Ulyssis
567 2876 647 2947 ναῦς
671 2873 723 2938 sed
747 2871 869 2958 σχεδίη,
895 2875 981 2938 ouius
1003 2872 1046 2937 rei
1069 2873 1128 2950 hic,
1148 2872 1201 2937 ubi
1222 2872 1298 2938 illud
1317 2895 1370 2939 vo-

254 2986 392 3053 cabulum
421 2986 592 3073 saepissimo
622 2986 776 3073 repetitur,
813 2987 1018 3053 immemorem
1052 2986 1145 3052 fuisso
1179 2986 1370 3053 scholiastam

253 3101 304 3166 vix
325 3099 469 3167 credibile
490 3107 544 3166 est.

295 3240 326 3295 η.
351 3217 425 3278 249.
449 3214 484 3276 τά
506 3215 566 3296 μὲν
593 3219 792 3291 ναυαγῆσαι,
815 3211 1030 3297 ἀνθρωπίνης
1058 3218 1168 3299 τιίχης,
1193 3217 1230 3278 τὸ
1254 3213 1289 3278 δὲ
1315 3237 1368 3276 πε-

251 3333 434 3410 ρισωθῆναι
465 3327 544 3390 α’πό
576 3334 633 3409 τῆς
666 3332 731 3391 τῶν
765 3326 853 3389 θεῶν
878 3324 1059 3421 εὐεργεσίας
1084 3328 1139 3389 καί
1164 3326 1292 3402 εὐνοίας
1316 3349 1369 3410 ση-

250 3447 353 3522 μεῖον.
385 3440 432 3504 Ut
454 3439 517 3504 ἄπὸ
540 3440 591 3505 hic
614 3440 792 3504 collocatum
816 3445 872 3517 est,
896 3439 981 3504 nullo
1004 3441 1095 3505 modo
1117 3462 1213 3525 neque
1235 3441 1370 3506 construi

250 3561 359 3642 potest,
390 3574 485 3637 neque
516 3558 596 3618 recte
620 3551 759 3637 intelligi.
784 3552 867 3617 Nam
890 3553 974 3638 quid,
999 3576 1119 3637 quaeso,
1144 3554 1307 3638 significat:
1333 3557 1368 3618 τὸ

250 3667 473 3752 περισωθῆναί
493 3667 580 3730 ἐστιν
593 3664 672 3728 άπὸ
693 3670 764 3744 τῆς
785 3671 864 3730 τῶν
886 3671 997 3730 θεῶν
1019 3666 1201 3750 εὐεργεσίας
1213 3667 1367 3749 σημεῖονΡ

249 3783 360 3869 Igitur,
385 3784 438 3846 aut
460 3779 524 3844 α’πό
548 3779 708 3845 delendum
732 3786 787 3856 ost,
811 3787 873 3858 aut,
898 3780 978 3865 quod
1003 3780 1078 3844 mihi
1103 3778 1304 3846 verosimilius
1323 3781 1369 3847 vi-

251 3895 348 3972 detur,
379 3901 448 3982 post
479 3900 534 3976 τῆς
567 3892 783 3968 collocandum,
813 3891 871 3957 hoc
893 3893 999 3958 modo:
1025 3889 1119 3957 τὸδὲ
1145 3901 1368 3976 περισωθῆναι

250 4014 321 4089 τῆς
352 4007 431 4072 α’πὸ
463 4013 542 4071 τῶν
575 4011 685 4070 θεῶν
710 4005 962 4089 εὐεργεσίας
986 4009 1041 4070 καὶ
1068 4004 1197 4080 εὐνοίας
1221 4013 1366 4090 σημεῖον,

249 4121 500 4205 quomadmodum
532 4119 566 4185 in
596 4121 622 4184 T
653 4125 715 4184 est:
742 4119 888 4184 ἐκτῶν
913 4121 1025 4184 θεῶν
1051 4117 1181 4192 εὐνοίας
1206 4125 1255 4199 σῆ.
1282 4120 1315 4203 (i.
1340 4141 1366 4184 ο.

283 4410 302 4470 ¹)
319 4407 428 4460 Scholion
450 4407 479 4457 ad
501 4406 599 4459 Iliadem
623 4410 660 4462 his
680 4408 757 4462 verbis
780 4410 918 4476 conceptum
939 4410 987 4458 ast:
1015 4401 1076 4453 κατ’
1108 4404 1202 4473 ἄκρης·
1229 4404 1367 4463 ὁλοτελῶς·

249 4497 342 4563 ηὐλασε
360 4500 430 4562 μίγα
448 4501 521 4566 κῦμα
539 4503 599 4550 κατ’
618 4500 726 4569 ἅκρης.”
744 4506 811 4566 (quae
827 4500 901 4552 nostri
918 4499 963 4550 loci
980 4497 1050 4550 verbu
1065 4499 1136 4559 sunt.)
1155 4492 1212 4547 οἷον
1233 4495 1294 4546 ὅλον
1311 4496 1365 4546 οὐ·

248 4589 297 4643 τόν
313 4590 446 4652 ἕβάπτισε
464 4590 496 4640 τὸ
514 4593 596 4652 κῦμα.
