3442 5330
820 591 860 652 39

279 776 360 841 nium
391 775 521 840 maxime
551 771 586 838 ἐν
618 771 746 873 ὄιλλοιςΙ
764 780 810 838 est
839 773 873 838 in
904 772 1029 840 deliciis.
1061 771 1103 837 Et
1125 771 1170 836 δι’
1194 772 1304 839 ἄλλων
1329 776 1394 842 sine

278 889 505 976 interpolatione
524 877 618 952 evesit
636 911 666 973 p.
681 889 754 951 201.
778 886 798 951 l.
824 884 921 974 l'(sd
943 885 972 950 δ.
999 889 1074 974 2⁷6)
1100 890 1156 951 καί
1177 887 1229 952 δι’
1252 888 1394 956 ἄλλων

240 1087 241 1090 ¹
278 1001 311 1066 δὲ
342 1007 360 1066 o'
389 1005 488 1074 τόπος
527 1001 732 1084 ἐμφαίνεται·
773 999 898 1084 ,αὐτὰρ
931 999 1095 1081 Ὀδυσσῆα
1127 1005 1223 1086 προτί
1259 988 1417 1086 δώματαΙ

277 1119 454 1202 Δηιφόβοιο
494 1118 631 1202 βήμεναι
661 1118 734 1196 ἠΰτ’
774 1114 892 1200 ’Ἀρηα
928 1117 986 1181 σδν
1019 1114 1167 1199 οἷντιθέῳ
1198 1115 1395 1204 Μενελάῳ,”

278 1231 350 1321 (οᾶ,
380 1237 417 1293 e.
453 1230 541 1312 517),
571 1252 661 1317 quem
683 1229 784 1294 locum
809 1253 847 1294 ex
870 1229 993 1296 caeteris
1016 1231 1116 1310 attuli,
1141 1231 1267 1316 quirin
1286 1254 1321 1298 eo
1343 1256 1395 1298 ex·

276 1344 413 1431 plioando
443 1366 513 1408 oum
543 1345 731 1409 Buttmanno
758 1344 854 1410 faeere
876 1365 938 1410 non
962 1366 1093 1430 possum,
1119 1345 1192 1410 heeo
1214 1346 1394 1414 adnotente:

277 1458 456 1544 „legendnm
488 1457 609 1522 videtur
639 1461 658 1520 ό
687 1455 794 1534 λόγος,
827 1457 857 1520 h.
878 1479 905 1522 ο.
930 1457 1025 1538 „haee
1047 1457 1084 1536 de
1114 1457 1231 1525 Helena
1261 1467 1293 1524 et
1322 1460 1397 1527 Dei-

276 1571 373 1658 phobo
405 1570 569 1636 narratio.''
596 1569 682 1641 Quae
704 1570 874 1636 emendatio
906 1572 1031 1636 fortasse
1052 1571 1217 1637 neoessaria
1247 1596 1309 1640 non
1340 1582 1395 1638 est.

275 1686 378 1751 Potest
409 1685 491 1751 enim
522 1689 619 1760 τόπος
650 1709 705 1772 pro
736 1683 831 1762 λόγος
861 1707 925 1750 esse
956 1684 1083 1762 dietum,
1115 1685 1196 1770 quod
1231 1691 1262 1751 et
1291 1687 1396 1752 Latini

276 1801 399 1878 faciunt,
431 1799 572 1886 quodque
602 1821 640 1864 ex
668 1799 835 1863 rhetoricae
864 1797 1054 1884 teohnologie
1082 1797 1182 1862 fluxit.
1214 1799 1272 1866 Est
1301 1800 1397 1885 igitur

277 1916 329 1977 καί
362 1913 407 1977 δι’
438 1911 549 1978 ἄλλων
582 1912 616 1976 δέ
641 1917 659 1976 ὁ
683 1917 780 1987 τόπος
812 1913 1024 1994 ἐμφαίνεταιε
1050 1919 1102 1994 „et
1131 1911 1204 1977 alibi
1234 1913 1285 1978 hie
1313 1914 1397 1980 loeus
1452 1887 1453 1894 i

277 2028 373 2093 fusius
405 2025 598 2114 exponitur‚''
630 2026 662 2092 id
693 2027 804 2113 ipsum,
828 2027 909 2111 quod
933 2025 1140 2091 Buttmannus
1159 2025 1287 2092 volebat.
1313 2027 1397 2099 Quid

277 2142 316 2206 sit
347 2141 517 2222 ἐμφαίνειν
549 2147 581 2205 et
611 2139 816 2222 ἐμφανίζειν,
853 2175 898 2188 -
933 2162 1004 2206 nam
1033 2147 1197 2228 utrumque
1230 2142 1398 2228 promiscue

279 2261 440 2342 usurpatur
462 2291 507 2302 -
529 2259 651 2342 apparet
673 2277 702 2319 v.
725 2275 750 2318 o.
774 2276 811 2319 ex
831 2275 897 2341 pag.
920 2258 994 2333 188,
1020 2258 1048 2318 9.
1070 2255 1105 2317 ἐκ
1128 2289 1172 2302 --
1196 2258 1263 2320 τῶν
1286 2257 1396 2338 ἄκραν

278 2371 330 2432 καί
374 2374 430 2450 τῆς
472 2369 578 2451 ὅψεως
617 2365 759 2449 μάλιστα
794 2366 830 2430 αἱ
860 2369 1046 2451 ὁμοιότητες
1082 2368 1373 2450 ἐμφαίνουσαι
1384 2419 1394 2448 ,

278 2493 309 2550 et
337 2485 376 2550 de
406 2480 599 2565 ἐμφανίζειν
623 2505 659 2548 ex
682 2481 912 2566 multis(pagg.
946 2485 999 2560 48,
1028 2484 1087 2560 32;
1113 2486 1164 2559 58,
1191 2485 1248 2561 14;
1275 2484 1349 2546 137.
1376 2485 1394 2547 7

278 2603 347 2682 eto.)
381 2598 433 2663 hio
457 2596 531 2661 loois
557 2595 697 2683 inprimis
720 2596 758 2660 ed
781 2600 919 2660 nostrum
941 2594 1030 2660 facit:
1055 2592 1111 2656 διὰ
1137 2592 1243 2658 πολλὰ
1274 2594 1396 2680 (multas

278 2710 316 2778 ob
347 2709 462 2795 causas)
495 2715 551 2790 τῆς
582 2706 726 2792 πράξεως
758 2712 879 2789 ταύτης
909 2711 1103 2790 μνημονειίει
1134 2710 1152 2770 o‘
1182 2713 1331 2790 ποιητής,
1357 2708 1394 2772 οὐ

276 2828 376 2907 μόνον
410 2825 461 2886 ὅτι
493 2825 573 2905 πρός
607 2827 666 2902 τὴν
698 2821 830 2903 ποίησιν
863 2822 1015 2903 συμφέρει
1039 2821 1080 2882 τὰ
1102 2823 1151 2900 μὴ
1181 2818 1393 2902 δεδομένα

278 2939 305 3025 (Ρ
336 2961 391 3005 an:
424 2933 730 3022 παραλειπόμεναέ)
768 2940 824 3014 τῆς
854 2932 1002 3008 Ἰλιάδος
1031 2935 1090 2998 νῦν
1123 2933 1394 3016 ἐμφανίζειν,

276 3051 361 3116 atto
390 3052 446 3115 καί
471 3049 550 3134 πρὸς
574 3053 633 3131 τὴν
658 3049 961 3133 μνηστηροιιτονίαν
986 3050 1091 3112 ταῦτα
1112 3050 1318 3134 ᾠκονόμηται
1338 3056 1394 3114 eto.

276 3188 343 3252 pag.
369 3167 443 3242 197,
470 3166 498 3229 7.
523 3185 604 3249 seqq.
627 3163 714 3228 Idem
738 3164 796 3228 hoo
815 3160 1006 3244 ἐμφανίζειν
1030 3163 1252 3229 restituendum
1270 3169 1344 3250 puto
1362 3163 1397 3227 in

275 3280 341 3344 loeo
363 3301 454 3366 parva
474 3279 581 3344 lacuna
599 3277 758 3354 maculato,
783 3276 820 3340 ad
845 3302 877 3340 α.
904 3257 977 3340 262.
1004 3275 1119 3359 ῥητέον
1144 3268 1201 3341 οὖν
1221 3277 1271 3340 ότι
1292 3278 1397 3340 ταῦτα

278 3398 387 3456 πάντα
423 3395 501 3476 πρὸς
527 3395 734 3471 κατασκευὴν
760 3393 815 3453 τοῦ
839 3391 992 3471 μεγίστου
1016 3389 1154 3472 οίγῶνος,
1179 3395 1235 3470 της
1257 3412 1398 3472 μνηστη-

276 3507 445 3592 ροφονίας,
472 3505 569 3580 αὐτὸς
587 3508 647 3588 μὲν
669 3501 911 3586 γυμναζόμενος
936 3505 988 3569 ἐν.
1001 3551 1008 3566 .
1022 3551 1051 3567 ..
1073 3505 1131 3569 ίνα
1150 3511 1239 3586 φανῇ
1259 3510 1395 3586 τηρῆσαι

277 3624 335 3700 τὴν
369 3617 458 3684 ι’δίαν
491 3617 574 3692 ἕξιν.
604 3618 836 3684 Emendandum
867 3617 964 3690 αὐτὸς
985 3620 1045 3699 μὲν
1071 3616 1312 3701 γυμναζόμενος
1337 3614 1397 3698 ἐμ-

277 3733 536 3816 φανίζεται,
568 3732 730 3798 utstatim
754 3738 838 3818 post:
864 3733 918 3794 καί
944 3734 1000 3794 τὸν
1026 3729 1167 3812 πόλεμον
1192 3729 1394 3795 πευκεδανόν

280 3847 341 3931 ἐφη
369 3849 648 3932 καταχρηστικῶς,
673 3844 844 3911 ἐπώδυνον
868 3843 1066 3931 βουλόμενος
1091 3844 1279 3928 ἐμφανίσαι,
1304 3844 1397 3908 etsie

278 3983 307 4048 p.
340 3965 392 4039 58,
425 3965 484 4038 143
518 3963 593 4038 137,
626 3962 723 4025 teto.
747 3961 786 4024 In
807 3959 919 4026 nostris
943 3959 1064 4024 scholiis
1085 3985 1108 4042 μ
1132 3966 1200 4024 etv
1225 3957 1397 4043 saepissime

278 4061 402 4138 oonfuse
433 4095 497 4138 esse
527 4073 732 4148 animadverti,
766 4097 794 4138 v.
826 4097 851 4138 o.
883 4095 912 4159 p.
943 4077 984 4136 85
1015 4073 1035 4136 l.
1069 4077 1110 4136 29
1138 4093 1193 4159 pro
1216 4072 1268 4152 ἐμὲ
1293 4074 1393 4152 μόνον

278 4188 392 4250 ἐάσατε
416 4193 463 4250 est
492 4187 525 4250 in
559 4186 585 4249 Τ
620 4185 667 4251 ἐν.
695 4169 789 4274 (App.
817 4211 846 4274 p.
886 4186 974 4268 739.)
1002 4184 1047 4249 Ut
1081 4191 1182 4250 eutem
1216 4183 1255 4248 od
1289 4206 1396 4271 propo·

278 4303 370 4367 situm
403 4299 531 4378 redeam,
559 4339 604 4350 -
634 4322 729 4386 quum
759 4297 903 4384 ἀλλαχοῦ
936 4305 966 4362 et
998 4296 1042 4381 διῗ
1075 4295 1192 4382 ἑτέρων
1225 4295 1396 4384 plenissime

188 4493 191 4498 .
277 4417 357 4481 idem
381 4415 431 4492 sit,
452 4413 578 4480 alterum
599 4416 722 4480 alterius
741 4413 950 4502 interpretatio
968 4412 1147 4479 habendum·
1160 4420 1215 4491 est,
1234 4434 1290 4478 neo
1306 4411 1398 4477 dubie

265 4536 324 4604 est
346 4529 439 4617 optio,
463 4536 568 4596 ‘utrum
591 4529 632 4596 sit
654 4529 824 4597 delendum.
