3442 5330
873 635 915 695 12

164 903 168 910 ¹
274 809 277 814 ¹
333 824 389 899 τῆς
414 816 552 900 πλάνης,
578 820 628 883 ὅτι
650 821 758 901 πόρρω
781 843 845 883 που
867 818 901 882 ἐν
927 816 1209 900 ε’κτετοπισμένοις
1229 821 1340 893 τόποις
1361 817 1454 903 ιῖορί-

253 1008 255 1012 ,
334 956 432 1017 στοις,
457 935 534 1016 φησὶ
558 936 636 1010 γοῦν
662 931 780 1017 τηλόθι
805 958 869 997 που
893 934 952 1011 τὴν
978 938 1076 1013 νῆσον
1101 927 1198 1016 εἶναι,
1222 934 1260 998 nd
1279 955 1355 1018 qnae
1375 932 1452 997 Din-

333 1049 461 1113 dorfins:
496 1047 575 1129 „nst
605 1054 705 1112 antem
725 1049 811 1112 haec
841 1047 922 1113 hand
953 1046 1045 1112 dnbio
1073 1046 1242 1112 Anistnrohi
1270 1051 1358 1112 noia:
1390 1047 1453 1112 vid.

331 1163 450 1239 Lehrs.‚
475 1163 527 1226 Ar.
553 1186 582 1249 p.
609 1159 705 1226 250.”
731 1160 773 1248 (p.
800 1165 874 1240 244,
902 1167 945 1225 2¹⁰
970 1162 1032 1246 ed.)
1061 1161 1113 1245 qni
1137 1163 1270 1226 conferre
1292 1161 1378 1226 iubet
1399 1184 1454 1226 no·

332 1282 395 1338 tam
425 1276 462 1339 ad
493 1299 523 1337 κ.
551 1279 625 1352 190,
659 1274 688 1350 ζ.
716 1278 790 1352 204,
822 1273 852 1340 δ.
877 1278 951 1352 356,
984 1297 1073 1359 quem
1101 1276 1201 1364 looum
1235 1298 1382 1362 apponam
1416 1275 1455 1338 ob

332 1386 520 1453 verissimam
558 1387 691 1453 Heekeri
731 1388 979 1474 emendationem,
1018 1389 1147 1474 margini
1185 1389 1362 1476 exemplaris
1396 1413 1456 1474 quo

332 1524 405 1567 usus
424 1509 471 1566 est
490 1525 519 1566 v.
538 1495 570 1566 d.
595 1502 776 1588 adscriptam
800 1500 899 1583 δῆλον
924 1502 986 1566 κυίκ
1011 1505 1128 1566 τοτίτου
1149 1503 1200 1566 ὅτι
1221 1501 1453 1586 έξῴκισται

332 1623 352 1698 η’
377 1621 486 1696 νῆσος,
513 1616 582 1680 ε’πεί
609 1614 773 1706 (alioquin)
797 1617 829 1680 τί
855 1615 975 1682 ἐκώλυε
999 1615 1188 1700 Μενέλαον,
1213 1617 1314 1689 οίίτοος
1334 1614 1455 1700 έχοντα

333 1732 406 1813 περὶ
440 1733 496 1795 τὸν
530 1728 692 1795 Ὀδυσσέα
714 1731 757 1805 ὥς
782 1733 836 1794 καί
862 1729 959 1794 πόλιν
984 1729 1064 1813 ὃλην
1090 1731 1288 1814 χαρίσασθαι
1314 1728 1454 1813 ἐθέλειν,

336 1848 418 1910 ναῦν
443 1843 573 1930 πέμψαι
598 1846 653 1908 καί
679 1848 780 1908 σῶσαι
805 1846 861 1910 τὸν
886 1843 999 1926 φίλους
1023 1844 1174 1909 Emendat
1195 1843 1352 1909 Hookerus
1376 1841 1454 1916 ε’ξιο-

336 1961 520 2037 κεάνισται,
547 1958 669 2045 optime,
693 1964 729 2022 ο4
751 1951 843 2023 eiiam
866 1964 949 2043 patet
971 1981 1009 2023 ex
1031 1957 1152 2023 Lehrsii
1174 1965 1246 2023 nota
1268 1958 1350 2044 adp.
1373 1959 1453 2021 247;

336 2072 487 2153 „ooourrit
516 2072 549 2136 in
572 2071 629 2135 hae
651 2070 825 2154 quaestione
848 2070 965 2157 saepius
989 2071 1070 2156 apud
1092 2071 1297 2158 geographum
1317 2069 1455 2144 ἐξωκεα-

336 2184 439 2259 νίζειν
464 2191 495 2250 64
517 2169 784 2265 ἔξωκεανισμός.”

379 2297 529 2362 Indicabo
559 2319 641 2362 nuno
671 2297 787 2381 reliqna
818 2297 942 2375 scholia,
973 2298 1028 2362 tan·
1059 2298 1148 2362 modo
1171 2298 1358 2384 incipientis,
1382 2321 1458 2382 qnae

334 2412 410 2484 mihi
442 2433 479 2476 ex
509 2410 677 2475 Anisionioi
708 2410 846 2476 doctrino
875 2411 998 2476 fluxisse
1027 2411 1179 2476 videntum
1203 2412 1253 2475 Ad
1276 2436 1310 2488 α,
1335 2433 1379 2475 vs.
1405 2414 1456 2491 33,

335 2527 592 2608 σημειοῦται
625 2524 935 2613 Ἀρίσταρχος,
968 2523 1071 2602 λέγων
1100 2527 1157 2589 τὸν
1191 2527 1246 2588 καὶ
1278 2523 1455 2607 συνδεσμον

336 2644 549 2723 περιττεύειν.
575 2639 626 2704 Sio
647 2638 682 2702 in
706 2640 803 2704 Diade
826 2640 949 2704 voculae
972 2640 1138 2726 superfluae
1161 2645 1315 2716 notamur,
1335 2661 1458 2704 enume-

334 2760 415 2818 ratae
438 2777 455 2819 a
476 2753 605 2818 Lehrsio
628 2776 657 2840 p.
683 2757 735 2818 11.
760 2791 805 2801 -
827 2753 876 2818 Ad
898 2777 932 2819 α.
960 2757 1033 2819 232.
1060 2753 1143 2835 αὕτη
1166 2757 1187 2832 ἡ
1208 2749 1293 2826 λέξις
1308 2749 1456 2842 (μέλλεν)

335 2865 491 2931 οὐδέποτε
528 2870 633 2930 κεῖται
666 2870 755 2951 παρὰ
786 2872 831 2950 τῷ
857 2875 977 2950 ποιητῇ
1001 2869 1044 2940 ὡς
1070 2867 1104 2930 ἐν
1130 2873 1170 2948 τῇ
1193 2866 1354 2948 συνηθείᾳ
1381 2890 1457 2950 χρο-

336 2983 448 3056 νικῶς,
474 2976 548 3041 ἀλλ’
578 2983 729 3042 ἑκάστοτε
755 2980 831 3043 σίντὶ
853 2982 908 3042 τοῦ
935 2981 1039 3061 ἐῴκει.
1065 2978 1180 3043 Eadem
1203 2979 1399 3044 observantur
1420 2979 1458 3043 ad

334 3091 366 3170 δ,
395 3094 469 3169 274,
495 3090 524 3168 ζ,
554 3083 627 3154 165.
660 3091 829 3154 Asistamhi
852 3090 1091 3156 observationem
1113 3113 1188 3169 esse,
1212 3092 1331 3156 monuit
1353 3092 1458 3157 Lehrs.

333 3203 428 3268 Arist.
461 3227 489 3290 p.
523 3206 586 3267 120
619 3224 702 3286 seqq.
734 3238 779 3248 —
810 3201 860 3265 Ad
892 3226 923 3286 α,
958 3205 1019 3266 251
1053 3203 1091 3266 do
1113 3220 1178 3267 voo.
1203 3207 1309 3288 τάχα·
1333 3205 1459 3286 αὕτηή

335 3315 421 3392 λέξις
444 3316 481 3381 οὐ
502 3317 633 3380 τίθεται
661 3322 750 3399 παρὰ
774 3320 820 3398 τῷ
841 3323 961 3399 ποιητῇ
981 3314 1198 3390 διστακτιιιῶς
1211 3319 1254 3391 ὠς
1275 3318 1309 3383 ἐν
1331 3326 1371 3402 τῇ
1384 3341 1457 3383 συν-

335 3430 447 3514 ηθείᾳ,
481 3426 555 3493 ἀλλ’
589 3433 740 3493 ἑκάστοτε
772 3428 848 3512 α’ντί
879 3432 934 3492 τοῦ
959 3428 1094 3515 ταχέως.
1121 3429 1236 3495 Oitavit
1257 3430 1339 3496 huno
1360 3432 1460 3497 loonm

334 3547 399 3632 ipse
420 3544 576 3621 Lehrsins,
601 3543 695 3609 Anist.
713 3559 750 3629 ¹1).
777 3547 828 3606 92.
852 3580 896 3590 -
924 3544 974 3608 Ad
999 3567 1031 3610 α.
1057 3546 1130 3608 283.
1155 3545 1255 3608 ὄσσαν
1281 3542 1315 3608 δι’
1340 3548 1400 3625 τὴν
1425 3546 1459 3608 ἐκ

336 3662 424 3723 θεῶν
450 3656 595 3742 κληδόνα
618 3657 691 3740 περὶ
713 3655 945 3738 ἀγνοουμένων
971 3659 1108 3721 εἰώθασι
1133 3656 1259 3736 καλεῖν,
1285 3667 1316 3724 et
1338 3659 1459 3725 brevius

335 3794 372 3836 ex
394 3770 425 3832 V
446 3771 484 3835 ad
506 3771 588 3836 huno
610 3771 711 3835 locum
733 3778 765 3836 et
787 3771 825 3836 ad
848 3796 883 3834 ιο.
910 3773 985 3835 418.
1008 3776 1086 3834 θεια
1108 3768 1249 3856 κληδὼν,
1271 3771 1303 3834 οἱ
1319 3769 1353 3834 δὲ
1376 3775 1458 3836 νεώ-

335 3910 421 3969 τεροι
454 3884 530 3950 α’ντί
561 3891 617 3965 τῆς
642 3892 760 3966 φωνῆς.
787 3884 839 3949 Sio
862 3884 900 3949 ad
922 3883 1012 3949 Hiod.
1036 3884 1073 3961 B,
1099 3888 1150 3948 93.
1175 3884 1383 3951 Axistonions:
1407 3887 1457 3948 ὃτι

335 4002 413 4063 ὄσσα
445 4004 466 4080 ἦ
494 3998 573 4062 θεία
598 3995 743 4082 κληδὼν,
769 4000 801 4062 οἱ
824 3997 858 4062 δέ
885 4001 1036 4082 νεώτεροι
1058 3997 1165 4082 ψιλῶς
1190 4000 1242 4062 ἐπὶ
1268 4005 1372 4082 πάσης
1395 4025 1458 4082 φω-

335 4118 403 4192 νῆς.
438 4110 500 4177 cfr.
532 4111 639 4177 Lehrs.
670 4109 765 4175 Arist.
798 4133 827 4197 p.
860 4114 913 4175 88.
945 4148 990 4158 -
1020 4111 1069 4175 Ad
1102 4137 1134 4174 α.
1160 4116 1234 4177 413.
1259 4110 1458 4189 α’γνοοῦντές

335 4250 434 4304 τινες,
469 4227 568 4306 ἐμεῖο,
602 4229 794 4309 γράφουσιν·
825 4224 941 4305 ὁμοίως
973 4224 1008 4288 ἐν
1033 4222 1167 4309 Ἰλιάδι,
1190 4231 1310 4306 μνῆσαι
1334 4231 1458 4310 πατρὸς

335 4336 411 4402 σεῖο’
438 4337 513 4402 δέον
538 4341 710 4420 κτητικῶς,
734 4359 916 4420 quemquem
936 4337 973 4401 de
993 4337 1049 4402 hoo
1070 4343 1141 4403 nota
1164 4337 1281 4415 dubito,
1301 4361 1363 4403 non
1383 4339 1458 4424 quin

334 4450 504 4517 Anserem
527 4452 578 4527 sn,
603 4452 654 4517 seo
674 4433 748 4515 nm
767 4450 943 4516 insono.
968 4450 1107 4516 measse
1125 4449 1252 4535 Didymi
1271 4458 1326 4516 ess.
1345 4489 1391 4500 -
1408 4452 1458 4516 An

336 4565 369 4652 β.
395 4568 424 4629 8.
449 4565 657 4647 σημαίνει
681 4565 749 4628 ὃτι
772 4567 810 4630 τὸ
833 4539 981 4630 παλαιὸν
1003 4564 1101 4649 ὤμοις
1124 4566 1165 4629 τὰ
1188 4562 1267 4648 ξίφη
1290 4562 1459 4651 περιεβάλ-
