3442 5330
864 643 905 712 48

415 831 487 894 ὅστε
511 833 564 912 έῆς
586 832 731 914 πρόσθεν
755 827 869 903 πόλιος
894 829 984 895 λαῶν
1008 855 1042 894 τε
1067 829 1217 916 πέσῃσιν,
1242 867 1322 878 --

414 950 435 1026 ἦ
456 946 516 1026 μέν
541 944 597 1010 τόν
622 950 812 1024 θνήσκοντα
836 946 891 1008 καί
918 945 1127 1029 αι’σπαίροντ’
1152 943 1300 1008 ἐσιδοῦσα

415 1057 495 1140 ἄμφ’
520 1057 608 1142 αὐτῷ
634 1057 756 1142 χυμένη
781 1058 858 1137 λίγα
884 1061 1010 1124 κωκιίει·
1035 1059 1066 1122 οἱ
1089 1058 1125 1122 δέ
1147 1065 1176 1122 τ’
1197 1061 1446 1123 ὄπισθεν--

415 1171 537 1256 ε’ίρερον
561 1174 782 1251 εἷσανόιγουσι,
807 1177 911 1238 πόνον
936 1180 965 1236 τ’
991 1172 1102 1258 ἐχέμεν
1126 1175 1180 1237 καί
1204 1172 1297 1248 ὀϊζιίν
1321 1180 1389 1251 ete,

326 1284 359 1348 in
382 1284 408 1349 Τ
430 1285 503 1349 haee
526 1285 723 1352 observantur
745 1287 784 1350 ed
808 1287 953 1371 εἴρερον·
977 1290 1036 1366 τὴν
1062 1285 1096 1360 ἐξ
1121 1285 1343 1372 αἷχμαλωσίας
1369 1284 1447 1349 δον·

328 1395 421 1462 λείαν
453 1401 512 1462 νῦν
546 1397 708 1465 ἐκάλεσεν.
745 1398 810 1484 ἔχει
836 1398 871 1462 δέ
897 1425 973 1464 τινα
998 1405 1066 1473 τοῖς
1091 1405 1204 1474 κακοῖς
1227 1399 1446 1483 παραμυθίαν

326 1511 363 1572 τό
395 1513 449 1574 καί
482 1510 566 1601 (fort.
597 1515 653 1575 καί
687 1512 738 1601 τό)
770 1511 1009 1598 οἷποδιίρεσθαι.
1042 1550 1141 1562 -—-
1169 1513 1254 1597 [ἐπὶ]
1282 1517 1384 1596 ταύτῃ
1411 1510 1445 1574 δὲ

325 1621 399 1688 οὐδὲ
433 1623 563 1698 ἐξουσία
595 1625 727 1690 δέδοται
761 1625 924 1711 δακριίιον,
951 1628 998 1690 ἵν’
1023 1627 1218 1710 ε’πικουφίσῃ
1244 1630 1302 1706 τὴν
1328 1647 1446 1706 συμφο-

326 1739 400 1822 ροὶν,
433 1736 507 1802 ἀλλ’
541 1741 585 1814 εἷς
617 1739 770 1804 δουλείαν
803 1743 920 1817 ἄνεται
953 1739 1153 1822 τυπτομένη.
1179 1739 1218 1802 In
1239 1739 1287 1804 his
1311 1739 1379 1823 quis
1402 1743 1448 1802 eet

326 1853 379 1935 qui
410 1874 472 1916 non
494 1852 614 1930 sentiat,
643 1875 732 1937 qnam
755 1853 873 1938 egregie
897 1853 1062 1919 confundat
1087 1851 1186 1918 omnia
1209 1851 1292 1917 istud
1316 1849 1393 1914 ὲπίΡ
1417 1856 1449 1914 et

327 1985 418 2047 qnam
448 1972 527 2030 recte
550 1965 651 2030 omnia
678 1964 818 2044 habeant,
843 1967 1046 2052 inopportune
1068 1965 1175 2031 voeule
1198 1963 1334 2030 remote?
1358 1963 1449 2028 Unde

326 2075 436 2141 vitium
459 2082 559 2140 ortum
581 2077 631 2155 sit,
655 2099 717 2142 non
740 2079 828 2143 faoile
851 2079 998 2158 dixerim3
1023 2081 1158 2157 fortasse,
1182 2116 1228 2152 ,-
1250 2086 1286 2144 nt
1308 2077 1448 2145 librarius

327 2187 393 2251 eod.
435 2186 674 2273 Hemburgensie
710 2190 760 2275 (Τ)
797 2191 921 2256 caeteris
954 2191 1157 2276 negligentior
1191 2198 1247 2270 est,
1281 2228 1326 2238 -
1351 2189 1449 2284 'eber-

327 2300 463 2366 rantibns
493 2301 557 2366 eius
589 2303 684 2368 oeulis
708 2303 745 2368 ad
769 2301 840 2366 ἐπὶ
866 2305 1015 2389 κουφίοῃ.
1041 2305 1240 2372 scribendum
1263 2306 1365 2391 itaque
1384 2311 1447 2368 est:

327 2419 429 2499 ταιίτῃ
454 2413 488 2477 δέ
514 2413 587 2478 οὐδὲ
612 2415 742 2490 ἐξουσία
767 2416 899 2482 δέδοται
927 2416 1088 2503 δακριίων,
1115 2419 1367 2504 quemadmodum
1388 2424 1446 2482 sta·

326 2527 384 2591 tim
406 2528 559 2612 sequitur:
587 2533 698 2594 πάντα
723 2521 780 2594 οὖν
806 2533 849 2606 εἷς
875 2529 976 2596 αὐτόν
1000 2537 1182 2612 συνήγομεν
1202 2534 1254 2594 ἐπὶ
1278 2534 1447 2615 τὴνόψιν,

328 2677 428 2690 --·-
451 2645 510 2723 τὴν
532 2640 680 2726 οἷνόιγκην
703 2650 758 2724 τῆς
781 2643 1014 2730 αἰχμαλωσίας,
1037 2649 1080 2709 τό
1100 2649 1147 2727 μὴ
1169 2643 1448 2709 ιίποκλαῦσαι

330 2759 404 2836 τὴν
429 2761 647 2840 συμφοράν
673 2756 852 2838 ἐξεῖναι,
879 2759 1170 2846 sententia·prorsus
1193 2757 1295 2822 simili.

374 2865 403 2931 λ.
429 2871 502 2946 118,
526 2869 559 2932 in
583 2868 716 2934 Tiresiae
739 2871 883 2936 vaticinio
906 2871 1051 2936 dicuntur
1071 2872 1160 2936 haee:

372 2977 446 3042 dli-²
470 2983 682 3059 ἤτοικείνων
708 2983 889 3069 (procorum)
914 3009 949 3061 γε
973 2985 1049 3069 βίας
1074 2983 1245 3047 οίποτίσεαι
1270 2981 1393 3046 {leov-

328 3113 404 3176 quae
434 3091 477 3155 ite
510 3093 712 3179 explicantur:
742 3091 904 3158 ἀποδώσει
940 3096 1097 3180 τιμωρίαν
1134 3097 1231 3180 [τῶν]
1267 3082 1314 3159 ὧν
1350 3093 1449 3178 ἔπρα-

214 3288 215 3292 Ὶ
327 3203 401 3277 ξαν.
427 3203 515 3268 Lioet
537 3205 705 3271 scholiastie
728 3207 776 3270 nti
797 3207 910 3286 Attica,
935 3230 1011 3292 qnae
1034 3208 1155 3285 dieitur,
1184 3209 1372 3286 attractione,
1397 3231 1447 3269 τι-

327 3318 452 3402 μωρίαν
485 3305 532 3383 ὧν
564 3317 725 3404 ἔπραξαν,
759 3319 791 3384 id
823 3327 877 3400 est,
907 3321 1066 3406 τιμωρίαν
1091 3325 1214 3386 τούτων
1239 3323 1261 3385 οἳ
1285 3319 1445 3403 ἔπραξαν,

329 3431 380 3494 sed
411 3431 438 3496 ei
467 3430 551 3496 istud
580 3432 701 3498 maioris
733 3434 823 3500 etiam
853 3434 1017 3520 elegantiae
1049 3435 1150 3501 studio
1182 3435 1295 3500 foetum
1326 3440 1382 3511 est,
1413 3439 1449 3497 ut

329 3548 395 3608 τῶν
428 3532 474 3610 ὧν
506 3545 672 3632 copuletur,
704 3547 780 3612 mira
812 3571 882 3615 sane
912 3557 959 3615 est
989 3549 1146 3636 elegantia,
1171 3571 1247 3634 quae
1270 3547 1450 3612 sententiam

329 3658 476 3726 obseurat.
510 3659 625 3726 Verum
656 3662 799 3749 suspicor,
831 3686 894 3731 non
924 3665 1108 3753 scriptorem,
1142 3661 1280 3748 quisquis
1303 3661 1372 3738 fuit,
1397 3659 1449 3723 sed

330 3773 458 3838 scribam
481 3775 514 3839 in
536 3774 584 3841 his
607 3775 710 3863 eulpae
733 3777 850 3844 affinem
873 3802 946 3857 esee,
971 3786 1002 3842 et
1025 3780 1091 3842 τῶν
1114 3777 1191 3844 male
1215 3776 1375 3842 abundare.

373 3886 424 3952 Ad
447 3910 475 3954 ο.
500 3892 552 3952 ol.
577 3887 763 3966 ξεινοδόκος
787 3892 820 3957 in
842 3891 874 3956 H
896 3891 1078 3978 explicatur:
1104 3893 1216 3964 ότοός
1239 3887 1353 3964 ξένους
1372 3887 1448 3951 ὕπο-

276 4043 284 4056 ·
331 3999 514 4085 δεχόμενος,
548 4000 604 4064 διὰ
637 4006 691 4065 τοῦ
724 4029 754 4066 κ.
779 4003 854 4068 οἰντί
881 4006 936 4066 τοῦ
962 4029 1006 4088 x„
1031 4005 1075 4078 ὥς
1100 4002 1277 4080 ίστοδόκος,
1308 4002 1357 4086 [ἡ]
1384 3999 1448 4064 eino*

330 4116 386 4177 τοῦ
419 4113 588 4200 δέχεσθαι.
618 4115 732 4180 Eadem
761 4117 823 4180 fere
854 4115 999 4200 legrmtur
1026 4117 1059 4184 in
1082 4115 1325 4203 Lexieographis,
1351 4113 1450 4197 Hesy-

330 4228 408 4313 ehio‚
436 4229 541 4308 Suida,
572 4230 673 4314 Etym.
706 4228 752 4296 M.
779 4229 940 4316 Apollonio
963 4231 1114 4319 Sophiste.
1141 4231 1201 4295 Sed
1222 4237 1254 4294 et
1275 4229 1349 4316 ipse,
1374 4248 1450 4311 qnae

330 4341 431 4420 citavi,
462 4342 645 4408 scholiastae
675 4342 774 4422 verba,
807 4349 838 4408 et
868 4365 966 4411 remm
988 4354 1104 4426 nature,
1137 4345 1276 4421 clamant,
1304 4341 1450 4429 seriptum

331 4455 433 4534 fnisse,
457 4480 518 4522 non
539 4461 561 4539 ἡ·
584 4456 647 4521 det
672 4461 726 4520 τοῦ
752 4456 921 4544 δέχεσθαι,
947 4460 1032 4547 queei
1057 4485 1091 4527 ee
1114 4459 1172 4524 alia
1194 4455 1342 4522 derivatio
1361 4459 1448 4532 esset,

331 4568 393 4648 sed,
417 4578 530 4637 remoto
552 4576 584 4655 ἤ,
611 4570 665 4634 διὰ
691 4575 746 4638 τοῦ
772 4599 789 4636 κ
814 4572 889 4640 olori
913 4578 968 4640 τοῦ
994 4601 1038 4660 μ,
1059 4610 1103 4624 -·
1125 4572 1189 4636 οέπό
1207 4573 1263 4634 τοῦ
1278 4567 1447 4656 δέχεσθαι.
