3442 5330
837 645 877 706 29

292 832 502 898 confabulatus
533 836 580 896 est
601 831 735 916 Ulysses‚
756 831 922 897 adveniunt
945 839 976 896 et
999 832 1126 897 aliorum
1151 833 1253 911 animi,
1278 835 1416 913 Achillia,

292 949 394 1012 Aiacis
425 952 482 1012 etc.
516 947 569 1031 qui
600 970 661 1011 non
694 948 839 1012 dicuntur
869 947 934 1012 sine
965 948 1121 1031 sanguinis
1143 947 1254 1012 haustu
1278 948 1417 1032 Ulyssem

292 1063 466 1146 agnovisse3
491 1068 595 1125 contra
619 1061 655 1124 de
679 1061 797 1126 Achille
821 1061 932 1124 diserte
953 1061 1130 1125 observatur
1151 1061 1205 1146 (vs.
1220 1063 1314 1146 471):
1334 1064 1417 1142 μεθὸ

292 1173 363 1238 ἔπιε
397 1180 452 1237 τοῦ
479 1176 616 1255 αἵματος
646 1176 698 1260 (so.
723 1175 849 1259 agnovit
871 1174 1022 1259 Ulyssem)
1048 1176 1113 1236 ἐστὶ
1141 1173 1175 1237 δὲ
1201 1179 1283 1237 κατὰ
1308 1179 1343 1238 τὸ
1368 1198 1418 1238 σι-

291 1290 483 1369 (σπώμενον,
518 1287 588 1349 διὰ
613 1292 683 1352 τοῦ
709 1289 902 1369 αἳματος.
926 1288 1000 1352 Non
1022 1292 1069 1352 est
1091 1289 1186 1373 igitur
1209 1290 1281 1352 artis
1304 1297 1418 1375 poetae,

292 1402 389 1466 solum
413 1403 671 1487 Agamemnonem
694 1401 880 1487 insepultum
903 1401 1093 1466 introducere
1114 1401 1146 1465 in
1159 1403 1266 1466 mediis
1277 1403 1419 1468 heroibus

292 1513 427 1600 sepultis.
462 1515 600 1592 Accedit,
626 1516 705 1599 quod
734 1537 832 1598 neque
855 1514 935 1599 apud
959 1514 1135 1586 Homerum,
1160 1537 1267 1599 neque,
1291 1515 1420 1580 sirecte

293 1628 426 1705 memini,
453 1628 532 1714 apud
555 1629 738 1712 Aeschylum
761 1635 791 1692 et
811 1628 844 1691 in
864 1627 1020 1712 Sophoclis
1032 1627 1152 1690 Electra
1164 1629 1420 1710 Agamemnonem

293 1741 447 1827 sepultura
476 1741 608 1806 caruisse
639 1741 787 1806 innuitur.
820 1741 880 1804 Sed
911 1740 1047 1804 omnium
1078 1740 1206 1804 maxime
1236 1763 1283 1804 me
1310 1748 1419 1812 movet,

293 1854 375 1937 quod
405 1861 509 1918 nostro
540 1854 653 1919 scholio
680 1877 801 1940 prorsus
825 1854 935 1918 similia
955 1855 1099 1938 leguntur
1121 1853 1155 1917 in
1176 1854 1235 1917 fine
1258 1854 1364 1919 scholii
1385 1877 1420 1918 ex

293 1967 320 2030 Τ
344 1975 384 2031 et¹
398 1967 428 2028 V
452 1967 489 2032 ad
513 1991 556 2032 vs.
584 1971 646 2031 385
670 1968 774 2045 relati3
798 1990 906 2053 nempe
928 1967 1017 2031 haec:
1044 1967 1080 2030 οὐ
1103 1964 1289 2054 (delendum,
1310 1970 1421 2055 quippe

293 2088 392 2144 ortum
426 2103 463 2145 ex
487 2082 664 2166 compendio
687 2082 763 2148 male
786 2083 863 2146 lecto
887 2104 951 2146 voc.
978 2066 1066 2144 oritur
1092 2083 1174 2167 quod
1196 2084 1299 2146 statim
1322 2083 1421 2168 sequi-

293 2196 368 2280 tur),
403 2201 563 2270 πάντες
598 2195 631 2258 δὲ
665 2182 754 2260 οὗτοι
788 2197 823 2260 ἐν
848 2201 893 2280 τῷ
918 2201 983 2261 τῶν
1008 2195 1142 2278 droam
1167 2198 1227 2260 εἶσὶ
1253 2200 1357 2280 χώρῳ,
1384 2199 1422 2259 οἱ

293 2311 368 2390 μὲν
394 2309 704 2393 κολαζόμενοι,
731 2309 835 2374 οἶδε’
862 2309 1141 2393 κολάζοντες,
1166 2311 1420 2384 ώςόΜίνως

295 2425 350 2484 καὶ
376 2426 394 2485 o‘
419 2422 599 2508 Ἡρακλῆς.
631 2409 720 2488 οὗτοι
747 2423 780 2487 δὲ
805 2428 846 2505 μὴ
872 2430 1056 2496 πεπωκότες
1081 2432 1137 2505 τῆς
1161 2430 1278 2507 Λήθης
1301 2423 1421 2497 ὕδατος

296 2539 350 2600 καὶ
384 2537 591 2618 φθέγγονται
626 2535 758 2625 (malim2
784 2535 991 2618 φθέγγονται
1017 2540 1086 2622 καὶ)
1119 2541 1213 2626 χωρὶς
1239 2542 1293 2600 τοῦ
1319 2543 1419 2600 πιεῖν.

294 2651 455 2734 leguntur
478 2657 579 2715 autem
601 2651 683 2727 haec,
708 2674 784 2736 quae
806 2651 916 2715 nostris
939 2651 1000 2714 fere
1023 2651 1060 2714 ad
1084 2649 1210 2714 verbum
1230 2650 1420 2735 respondent,

294 2765 327 2827 in
356 2764 416 2828 fine
446 2764 560 2840 scholii,
592 2766 675 2850 quod
707 2770 850 2850 „apparet
880 2764 1083 2847 fragmentum
1114 2785 1177 2826 esse
1208 2763 1421 2848 disputationis

295 2877 431 2954 alicuius,
452 2900 512 2962 qua
531 2877 712 2943 obiectiones
730 2878 802 2942 huic
822 2875 948 2942 Homeri
969 2876 1082 2956 νεκνίᾳ
1097 2875 1191 2939 factae
1203 2875 1420 2950 diluerentur,”

296 2996 332 3052 ut
354 2996 435 3053 recte
462 2989 607 3056 indicavit
638 2993 854 3056 Buttmannus.
879 2990 993 3077 Incipit
1015 2996 1116 3054 autem
1140 2989 1197 3053 hoc
1220 2991 1423 3074 fragmentum

295 3104 355 3166 ita:
389 3101 473 3165 ἀλλὰ
508 3105 562 3166 καὶ
594 3107 612 3166 o'
641 3105 789 3186 Σίσυφος
822 3102 987 3187 κέρδιστος
1020 3103 1066 3168 ὢν
1098 3102 1209 3166 διὰτί
1235 3101 1443 3178 κολάζεταις·

296 3222 352 3280 etc.
378 3216 415 3280 ad
446 3240 522 3302 quae
550 3223 675 3282 annotat
696 3217 826 3281 Butam:
852 3217 1012 3300 „Haecin
1035 3217 1102 3282 edd.
1128 3217 1260 3302 antiquis
1284 3216 1424 3280 continu-

296 3336 387 3394 antur
418 3353 486 3393 cum
516 3331 629 3396 scholio
660 3332 855 3418 praecedente
889 3329 915 3419 ¹)
947 3355 982 3395 eo
1010 3332 1116 3415 utique
1139 3352 1200 3393 non
1224 3330 1422 3417 pertinentia3

297 3466 388 3528 quare
423 3445 455 3508 in
490 3466 564 3508 rccc.
596 3443 780 3508 editionibus
811 3444 901 3507 tacite
932 3445 1003 3507 hinc
1033 3443 1145 3520 oraha,
1178 3443 1268 3507 verba
1301 3442 1422 3527 quidem

296 3555 380 3620 αλλὰ
416 3560 470 3621 καὶ
499 3598 543 3606 -
564 3564 760 3641 μετήνεγκεν
785 3558 882 3644 posita
905 3557 1036 3621 suntad
1060 3580 1102 3621 vs.
1129 3559 1192 3618 593
1217 3556 1253 3620 de
1277 3554 1421 3640 Sisypho:

296 3671 411 3757 reliqua
437 3679 537 3738 autem
561 3671 661 3736 omnia
685 3671 723 3735 ad
747 3697 777 3736 ν.
805 3673 879 3733 623.
900 3669 967 3754 Ego
986 3671 1018 3732 in
1035 3670 1197 3755 pristinum
1211 3669 1312 3732 locum
1324 3668 1425 3731 omnia

297 3786 427 3864 restitui,
451 3793 488 3849 ut
507 3785 657 3870 judicium
680 3785 718 3848 de
741 3785 778 3856 iis
801 3784 952 3866 integrum
977 3789 1063 3846 esset.
1088 3819 1189 3830 -—
1208 3782 1242 3845 N
1250 3804 1421 3846 umerum

332 4048 350 4108 ¹)
367 4048 478 4098 Scholion
495 4048 632 4114 praecedens
652 4051 686 4098 est
702 4045 731 4096 ad
750 4048 807 4096 384.
827 4051 909 4109 κακῆς
928 4042 1019 4109 ἰότητι
1036 4043 1178 4107 protunda:
1194 4041 1307 4108 Ἑλένης
1324 4045 1340 4106 ἢ
1355 4042 1423 4104 (Din-

300 4140 366 4189 dorfii
384 4139 453 4190 editio
471 4140 614 4205 typographi
631 4155 709 4190 errore
726 4139 757 4202 ἡ)
776 4136 1028 4201 Κλυταιμνήστρας,
1046 4137 1061 4200 ἢ
1078 4135 1244 4200 κιικοιδεὶσης
1255 4134 1425 4200 Κασάνδρας,

299 4233 330 4294 ἣν
353 4230 520 4297 διαφθείρας
546 4230 558 4278 ὁ
583 4230 688 4296 Λοκρὸς
712 4228 784 4285 Αἶας
799 4229 827 4278 ἓν
844 4227 882 4293 τῷ
900 4229 1007 4286 τεμένει
1025 4233 1073 4291 τῆς
1092 4227 1217 4290 Ἀθηνᾶς
1236 4226 1353 4288 δυσμενῆ
1374 4245 1424 4275 κα.

297 4323 408 4386 τὲοτησε
437 4329 493 4377 τοῖς
518 4319 636 4386 Ἕλλησι
660 4321 710 4382 τὴν
735 4318 874 4384 Ἀθηνᾶν.
900 4319 965 4384 Quae
988 4318 1048 4368 nihil
1070 4334 1190 4368 commune
1215 4316 1300 4366 habent
1317 4333 1370 4366 cnm
1390 4337 1425 4379 eo,

297 4416 357 4478 quod
374 4415 453 4464 statim
467 4414 578 4478 sequitur,
597 4415 737 4478 fragmento.
755 4414 876 4477 Iagunrur
891 4413 914 4460 et
930 4411 975 4460 hoc
994 4410 1098 4461 scholion
1114 4413 1136 4459 et
1150 4413 1256 4459 nostrum
1270 4411 1425 4475 fragmentum

297 4507 366 4555 etium
381 4506 406 4555 in
422 4506 450 4565 Τ,
474 4506 512 4555 sed
537 4521 565 4555 ex
583 4503 698 4554 Dindorfii
715 4503 814 4553 editione
832 4502 858 4551 de
876 4501 936 4561 loco,
953 4518 1022 4565 quem
1038 4503 1194 4566 fragmentum
1214 4503 1242 4550 ad
1260 4503 1308 4552 385
1326 4521 1339 4553 a
1358 4505 1426 4554 Butt-

297 4613 381 4647 manno
400 4598 500 4662 positum
519 4599 542 4647 in
560 4598 604 4648 hoc
622 4596 699 4646 codice
716 4597 820 4660 occupet,
840 4593 899 4644 nihil
917 4595 975 4645 certi
993 4596 1104 4644 conficere
1121 4609 1221 4657 possum.
