3442 5330
898 663 939 724 38

355 857 410 930 esa,
449 849 609 916 verborum
647 847 752 914 ordine
783 852 903 913 tantum
933 851 1060 912 musaeo.
1102 847 1201 914 Oausa
1229 848 1415 934 glossematis
1446 849 1479 914 in

356 971 497 1052 promptu
517 970 579 1028 est:
592 962 752 1029 videbatur
770 961 803 1027 in
821 961 880 1026 his.
901 961 1001 1036 οῦτως
1016 962 1065 1044 Ιὡς
1085 967 1176 1042 ήμεῒς
1197 967 1344 1044 σήμερον,
1366 963 1479 1048 requiri

356 1079 491 1156 verbum,
515 1099 610 1163 quum
633 1075 759 1143 verbum
782 1076 815 1142 in
838 1076 971 1142 seeundo
994 1076 1129 1142 membro
1152 1076 1238 1163 sequi
1260 1098 1322 1142 non
1343 1077 1478 1143 animad-

357 1213 478 1259 versum
500 1197 587 1257 esset.

399 1307 430 1391 β.
455 1307 530 1370 151.
560 1303 594 1368 in
624 1302 794 1368 narratione
824 1303 862 1368 de
890 1303 1057 1390 aquilarum
1087 1309 1205 1369 ostento
1236 1303 1364 1369 dieitur:
1397 1301 1474 1368 ἕνθ’

356 1414 619 1501 ἐπιδινηθέντες,
649 1415 731 1502 quod
761 1415 805 1481 ita
836 1415 973 1482 redditur
1004 1417 1193 1504 paraphrasi:
1220 1419 1320 1481 ἐκεῖσε
1345 1416 1379 1480 δέ
1411 1419 1479 1502 [ἐν-
1531 1431 1538 1438 ·

355 1533 481 1616 ταῦθα]
509 1527 746 1615 συστραφέντες
775 1530 810 1594 ἐν
835 1535 881 1613 τῷ
906 1537 1122 1615 καταράσσειν
1155 1533 1195 1594 τὰ
1225 1537 1342 1615 συνεχῆ
1366 1529 1477 1594 αὐτῶν

354 1652 466 1730 πτερά.
507 1645 612 1717 Quum
651 1645 798 1715 ἐνταῦθα
837 1645 918 1711 idem
959 1644 1000 1709 sia
1031 1651 1121 1729 abque
1155 1643 1267 1722 ἐκεῖσε,
1299 1643 1478 1710 alterutrum

355 1760 503 1839 abundem
527 1758 631 1826 malim
653 1758 749 1843 igitur
771 1757 931 1840 ἐνταῦθα,
956 1758 1038 1843 quod
1061 1757 1214 1843 vulgatius
1237 1765 1292 1835 est,
1315 1757 1422 1823 delere.

398 1876 430 1959 β.
456 1875 530 1938 271.
555 1875 592 1935 τὸ
614 1863 703 1954 ,οἶος
728 1871 872 1945 ἐκεῖνος’
897 1871 972 1956 (scil.
993 1870 1118 1956 Ulysses
1141 1871 1220 1960 erat)
1241 1873 1325 1935 κατὰ
1345 1870 1477 1954 ἀναφώ-

355 2009 449 2071 νησιν
475 1986 601 2069 εἴρηται
626 1985 671 2058 εἷς
695 1982 834 2049 έπαινον
863 1985 934 2069 [τοῦ
960 1983 1156 2069 Ὀδυσσέως]
1173 1987 1229 2048 τοῦ
1250 1987 1372 2068 πατρὸς
1397 1987 1471 2070 [Tq-

356 2099 525 2185 λεμάχου]
551 2097 653 2180 „Satis
674 2094 829 2173 verbose‚''
855 2103 892 2160 ut
922 2095 1069 2162 iudicavit
1095 2097 1201 2163 Oiaero
1223 2098 1261 2165 de
1282 2098 1477 2164 iuriseonsul-

354 2221 456 2279 torum
487 2210 634 2277 formulis.
658 2209 820 2294 Legmaur
848 2210 922 2275 haee
944 2210 988 2275 ita
1009 2211 1042 2275 in
1065 2210 1161 2283 Bae.
1185 2212 1225 2276 In
1249 2213 1291 2277 H.
1315 2212 1388 2278 haee
1409 2219 1482 2278 ran-¹

354 2309 421 2393 tum
452 2329 539 2392 sunt:
572 2326 668 2389 τοῦτο
711 2325 796 2388 κατὰ
828 2323 1044 2407 ἀναφώνησιν
1087 2324 1213 2409 εἴρηται
1256 2328 1301 2400 εἷς
1336 2325 1476 2391 έπαινον

357 2437 550 2514 Ὀδυσσέως.

376 2553 429 2633 ’μ
462 2556 525 2619 106
559 2555 602 2639 (p.
632 2553 707 2628 130,
731 2549 782 2639 I):
809 2549 915 2616 ἰστέον
937 2552 988 2616 ὅτι
1013 2554 1058 2627 εἰς
1082 2552 1139 2617 aaa
1164 2551 1377 2636 ὁιεμσιράσθη
1407 2559 1475 2619 πᾶν

353 2671 389 2734 τὸ
420 2665 619 2750 Ἑλληνικὸν
650 2670 844 2749 στράτευμα.
878 2667 934 2729 καλ
966 2668 1022 2730 τοῦ
1051 2668 1112 2748 μέν
1144 2667 1216 2742 ἑνὸς
1237 2664 1355 2749 μέρους
1377 2661 1475 2752 ἦρχεν

354 2780 578 2865 Ἀγαμέμνων
600 2783 659 2861 τήν
680 2779 805 2864 Τροίαν
826 2786 1211 2864 παρακαθήμενος,
1233 2778 1343 2844 τοῦδέ
1364 2778 1476 2863 ἑτέρου

352 2894 550 2982 Ἀχιλλεύς,
582 2897 639 2958 τοῦ
669 2895 826 2958 ναυτικοῦ
850 2891 1023 2977 δηλονότι,
1049 2894 1084 2958 ἐν
1108 2881 1137 2978 ᾧ
1163 2892 1252 2977 μέρει
1277 2895 1333 2958 καὶ
1357 2892 1474 2958 Ὀδυσ-

355 3011 425 3084 σεῦς
457 3010 512 3071 καλ
537 3005 676 3090 Νέστωρ
708 3007 906 3091 ήρέθμηντο.
939 2990 1028 3072 οῦτοι
1053 3010 1132 3084 χοῦν
1158 3011 1402 3093 ναυμαχοῦντες
1429 3011 1476 3094 [οἱ

354 3125 426 3207 περὶ
466 3123 523 3186 τὸν
562 3117 744 3205 Ἀχιλλέα]
788 3121 846 3192 τὰς
877 3118 1120 3204 παρακειμένας
1152 3119 1262 3196 πόλεις
1294 3123 1473 3205 ἐπόρθουν,

352 3231 570 3318 ἠπειρώτιδας
593 3255 627 3297 τε
653 3233 707 3295 καὶ
730 3229 929 3306 θαλασσίας.
954 3233 1000 3298 M.
1021 3231 1142 3320 Duplex
1161 3233 1262 3302 in'his
1280 3235 1391 3302 vitium
1411 3243 1473 3300 est:

354 3371 461 3435 nempe
483 3347 523 3411 οἱ
544 3347 640 3430 περὶ
661 3347 734 3410 τὸν
758 3342 996 3430 Ἀχιλλέα,
1022 3347 1104 3433 quod
1121 3346 1268 3414 emblema
1288 3349 1476 3414 ineommode

353 3461 541 3529 eohaerentia
571 3459 696 3538 dirimit,
724 3459 918 3524 resecandum
940 3468 995 3538 est,
1019 3467 1051 3526 et
1081 3467 1232 3548 praeterea
1261 3484 1316 3548 pro
1350 3485 1476 3545 παρα-

354 3579 601 3657 καθήμενος
625 3576 699 3650 τήν
724 3572 1473 3659 Τροίανσσσίῦοσᾶσισπερικαθήμενος,

352 3689 412 3756 nisi
435 3687 503 3774 quis
522 3690 618 3773 putet,
645 3692 910 3772 παρακαθῆσθαι
935 3710 1004 3754 eum
1029 3688 1198 3754 acemativo
1217 3709 1302 3775 posse
1321 3689 1474 3774 coniungi,

292 3846 296 3856 ·
352 3811 383 3870 et
406 3805 670 3886 παρακαθῆσθαι
694 3801 803 3888 πόλιν,
828 3801 854 3867 si
874 3803 922 3868 vel
945 3801 1075 3868 maxime
1094 3823 1147 3888 per
1166 3802 1376 3887 grammaticae
1394 3802 1476 3888 leges

352 3917 396 3984 ia
418 3916 480 3982 diei
501 3915 614 3993 liceret,
638 3914 806 4001 significare
828 3935 923 4002 posse,
946 3913 1052 3978 urbem
1075 3913 1220 3980 obsidere.

397 4029 426 4095 δ.
453 4033 527 4094 128.
550 4029 600 4094 Ad
624 4026 753 4111 κλισίην
778 4031 957 4093 annotatum
979 4032 1042 4104 est;
1067 4029 1106 4092 όν
1135 4026 1312 4113 [α’λλαχοῦ]
1340 4027 1384 4091 δι’
1406 4028 1474 4092 ἑτέ-

352 4167 416 4227 ρων
448 4141 584 4224 κλισμὸν
618 4140 782 4224 ὀνομάζει·
815 4138 884 4204 έστι
917 4138 951 4203 δέ
976 4143 1097 4224 θρόνος
1126 4140 1350 4226 ἅνακλίντρον
1374 4141 1470 4228 ἔχων.

352 4255 514 4344 comparet
535 4255 682 4322 emblema
700 4255 733 4319 in
752 4252 839 4331 HM;
863 4253 921 4334 ,ὃν
943 4251 1087 4339 α’λλαχοῦ
1105 4255 1220 4320 omittis
1240 4255 1267 4319 T
1290 4256 1322 4320 in
1333 4257 1472 4324 lamma.’'

354 4370 443 4456 (App.
457 4392 486 4456 p.
502 4369 577 4454 ⁷57)
600 4366 847 4454 simplicissimus
866 4366 1007 4453 loquendi
1026 4369 1133 4433 modus
1152 4375 1198 4434 est
1216 4367 1362 4454 ἀλλαχοῦ
1374 4371 1473 4437 diaere
1507 4355 1510 4361 ¹

349 4504 403 4568 pro
422 4483 481 4548 alio
499 4482 574 4560 loco,
599 4480 690 4559 alibi;
712 4479 765 4565 qui
784 4480 950 4565 elegantius
966 4481 1050 4568 loqui
1067 4481 1216 4560 volebant,
1234 4481 1279 4546 δι’
1293 4481 1410 4567 ἑτέρων
1424 4485 1472 4550 vel

348 4593 392 4658 δι’
422 4593 534 4660 ἄλλων
569 4592 763 4681 usurpabant.
796 4592 848 4659 Sia
878 4600 910 4660 et
935 4594 1046 4662 nostris
1069 4595 1237 4662 scholiastis
1261 4595 1334 4664 haee
1355 4604 1388 4664 et
1405 4621 1471 4665 om-
