<?xml version="1.0" encoding="UTF-8"?>
<!DOCTYPE html PUBLIC "-//W3C//DTD XHTML 1.0 Transitional//EN"
    "http://www.w3.org/TR/xhtml1/DTD/xhtml1-transitional.dtd">
<html xmlns="http://www.w3.org/1999/xhtml" xml:lang="en" lang="en">
 <head>
  <title>
</title>
<meta http-equiv="Content-Type" content="text/html;charset=utf-8" />
  <meta name='ocr-system' content='tesseract 3.04.00' />
  <meta name='ocr-capabilities' content='ocr_page ocr_carea ocr_par ocr_line ocrx_word'/>
</head>
<body>
  <div class='ocr_page' id='page_1' title='image "./observationesad01polagoog_0062.png"; bbox 0 0 3442 5330; ppageno 0'>
   <div class='ocr_carea' id='block_1_1' title="bbox 802 640 844 700">
    <p class='ocr_par' dir='ltr' id='par_1_1' title="bbox 802 640 844 700">
     <span class='ocr_line' id='line_1_1' title="bbox 802 640 844 700; baseline 0 0"><span class='ocrx_word' id='word_1_1' title='bbox 802 640 844 700; x_wconf 77' lang='lat'><strong><em>45</em></strong></span> 
     </span>
    </p>
   </div>
   <div class='ocr_carea' id='block_1_2' title="bbox 265 824 1428 3300">
    <p class='ocr_par' dir='ltr' id='par_1_2' title="bbox 309 824 1384 912">
     <span class='ocr_line' id='line_1_2' title="bbox 309 824 1384 912; baseline 0.004 -24"><span class='ocrx_word' id='word_1_2' title='bbox 309 824 461 891; x_wconf 82' lang='lat' dir='ltr'><strong>Rixantur</strong></span> <span class='ocrx_word' id='word_1_3' title='bbox 491 850 524 904; x_wconf 90' lang='grc' dir='ltr'><strong><em>α,</em></strong></span> <span class='ocrx_word' id='word_1_4' title='bbox 559 827 633 904; x_wconf 83' lang='grc'><strong><em>383,</em></strong></span> <span class='ocrx_word' id='word_1_5' title='bbox 658 847 741 912; x_wconf 91' lang='lat' dir='ltr'><strong>seqq,</strong></span> <span class='ocrx_word' id='word_1_6' title='bbox 764 826 917 891; x_wconf 87' lang='lat' dir='ltr'><strong>Antinous</strong></span> <span class='ocrx_word' id='word_1_7' title='bbox 947 833 979 892; x_wconf 89' lang='lat' dir='ltr'><strong>et</strong></span> <span class='ocrx_word' id='word_1_8' title='bbox 1002 825 1208 906; x_wconf 77' lang='lat' dir='ltr'><strong>Telemachus,</strong></span> <span class='ocrx_word' id='word_1_9' title='bbox 1232 827 1281 893; x_wconf 91' lang='lat' dir='ltr'><strong>cui</strong></span> <span class='ocrx_word' id='word_1_10' title='bbox 1305 828 1384 894; x_wconf 83' lang='lat' dir='ltr'><strong>inter</strong></span> 
     </span>
    </p>

    <p class='ocr_par' dir='ltr' id='par_1_3' title="bbox 266 938 1007 1027">
     <span class='ocr_line' id='line_1_3' title="bbox 266 938 1007 1027; baseline 0.005 -25"><span class='ocrx_word' id='word_1_11' title='bbox 266 938 324 1003; x_wconf 84' lang='lat' dir='ltr'><strong>alia</strong></span> <span class='ocrx_word' id='word_1_12' title='bbox 345 939 481 1006; x_wconf 85' lang='lat' dir='ltr'><strong>convicia</strong></span> <span class='ocrx_word' id='word_1_13' title='bbox 504 941 657 1006; x_wconf 79' lang='lat' dir='ltr'><strong>Antinous</strong></span> <span class='ocrx_word' id='word_1_14' title='bbox 680 947 712 1006; x_wconf 90' lang='lat' dir='ltr'><strong>et</strong></span> <span class='ocrx_word' id='word_1_15' title='bbox 734 939 792 1005; x_wconf 95' lang='lat' dir='ltr'><strong><em>hoc</em></strong></span> <span class='ocrx_word' id='word_1_16' title='bbox 814 947 1007 1027; x_wconf 79' lang='lat' dir='ltr'>apprecatur:</span> 
     </span>
    </p>

    <p class='ocr_par' dir='ltr' id='par_1_4' title="bbox 287 1051 1145 1140">
     <span class='ocr_line' id='line_1_4' title="bbox 287 1051 1145 1140; baseline 0.002 -24"><span class='ocrx_word' id='word_1_17' title='bbox 287 1057 328 1134; x_wconf 83' lang='grc' dir='ltr'><strong><em>μὴ</em></strong></span> <span class='ocrx_word' id='word_1_18' title='bbox 352 1051 420 1130; x_wconf 81' lang='lat' dir='ltr'><strong>os‘y&#39;</strong></span> <span class='ocrx_word' id='word_1_19' title='bbox 445 1055 480 1119; x_wconf 83' lang='grc' dir='ltr'><strong><em>έν</em></strong></span> <span class='ocrx_word' id='word_1_20' title='bbox 504 1053 656 1138; x_wconf 69' lang='grc' dir='ltr'><strong><em>ἀμφιάλῳ</em></strong></span> <span class='ocrx_word' id='word_1_21' title='bbox 683 1058 805 1140; x_wconf 80' lang='grc' dir='ltr'><strong><em>Ἰθάκῃ</em></strong></span> <span class='ocrx_word' id='word_1_22' title='bbox 828 1052 971 1140; x_wconf 81' lang='grc' dir='ltr'><strong><em>βασιλῆα</em></strong></span> <span class='ocrx_word' id='word_1_23' title='bbox 995 1055 1145 1139; x_wconf 81' lang='grc' dir='ltr'><em>Κρονίων</em></span> 
     </span>
    </p>

    <p class='ocr_par' dir='ltr' id='par_1_5' title="bbox 265 1165 1384 1368">
     <span class='ocr_line' id='line_1_5' title="bbox 289 1165 1384 1256; baseline 0.004 -28"><span class='ocrx_word' id='word_1_24' title='bbox 289 1172 463 1246; x_wconf 84' lang='grc' dir='ltr'><strong><em>ποιήσειεν,</em></strong></span> <span class='ocrx_word' id='word_1_25' title='bbox 487 1168 505 1229; x_wconf 86' lang='grc' dir='ltr'><strong><em>ό</em></strong></span> <span class='ocrx_word' id='word_1_26' title='bbox 529 1192 578 1231; x_wconf 88' lang='grc' dir='ltr'><strong><em>τοι</em></strong></span> <span class='ocrx_word' id='word_1_27' title='bbox 603 1175 699 1252; x_wconf 82' lang='grc' dir='ltr'><strong><em>νενεῇ</em></strong></span> <span class='ocrx_word' id='word_1_28' title='bbox 722 1169 889 1252; x_wconf 84' lang='grc' dir='ltr'><strong><em>πατρώϊόν</em></strong></span> <span class='ocrx_word' id='word_1_29' title='bbox 922 1165 1023 1232; x_wconf 76' lang='grc' dir='ltr'><strong><em>ἐστιν.</em></strong></span> <span class='ocrx_word' id='word_1_30' title='bbox 1050 1172 1122 1256; x_wconf 83' lang='lat' dir='ltr'><strong>(vsa.</strong></span> <span class='ocrx_word' id='word_1_31' title='bbox 1150 1169 1212 1232; x_wconf 84' lang='grc'><strong><em>386</em></strong></span> <span class='ocrx_word' id='word_1_32' title='bbox 1237 1174 1268 1232; x_wconf 88' lang='lat' dir='ltr'><strong>et</strong></span> <span class='ocrx_word' id='word_1_33' title='bbox 1294 1166 1384 1255; x_wconf 87' lang='grc'><strong>387.)</strong></span> 
     </span>
     <span class='ocr_line' id='line_1_6' title="bbox 265 1279 1063 1368; baseline 0.003 -25"><span class='ocrx_word' id='word_1_34' title='bbox 265 1279 315 1344; x_wconf 87' lang='lat' dir='ltr'><strong>cni</strong></span> <span class='ocrx_word' id='word_1_35' title='bbox 336 1281 380 1345; x_wconf 89' lang='lat' dir='ltr'><strong><em>its</em></strong></span> <span class='ocrx_word' id='word_1_36' title='bbox 402 1304 456 1345; x_wconf 88' lang='lat' dir='ltr'><strong>sna</strong></span> <span class='ocrx_word' id='word_1_37' title='bbox 478 1281 544 1346; x_wconf 83' lang='lat' dir='ltr'><strong>vice</strong></span> <span class='ocrx_word' id='word_1_38' title='bbox 568 1281 766 1350; x_wconf 80' lang='lat' dir='ltr'><strong>Telemachus</strong></span> <span class='ocrx_word' id='word_1_39' title='bbox 793 1282 848 1368; x_wconf 89' lang='lat' dir='ltr'><strong>(vs.</strong></span> <span class='ocrx_word' id='word_1_40' title='bbox 877 1285 939 1346; x_wconf 85' lang='lat'><strong><em>390</em></strong></span> <span class='ocrx_word' id='word_1_41' title='bbox 964 1283 1063 1368; x_wconf 88' lang='lat' dir='ltr'><strong>sqq.):</strong></span> 
     </span>
    </p>

    <p class='ocr_par' dir='ltr' id='par_1_6' title="bbox 334 1393 1272 1480">
     <span class='ocr_line' id='line_1_7' title="bbox 334 1393 1272 1480; baseline 0.001 -24"><span class='ocrx_word' id='word_1_42' title='bbox 334 1395 389 1457; x_wconf 90' lang='grc' dir='ltr'><strong><em>καί</em></strong></span> <span class='ocrx_word' id='word_1_43' title='bbox 414 1419 468 1459; x_wconf 85' lang='grc' dir='ltr'><strong><em>κεν</em></strong></span> <span class='ocrx_word' id='word_1_44' title='bbox 493 1398 583 1458; x_wconf 79' lang='grc' dir='ltr'><strong><em>τοῦτ’</em></strong></span> <span class='ocrx_word' id='word_1_45' title='bbox 608 1393 757 1476; x_wconf 75' lang='grc' dir='ltr'><strong><em>ἐθέλοιμι</em></strong></span> <span class='ocrx_word' id='word_1_46' title='bbox 784 1398 863 1468; x_wconf 82' lang='grc' dir='ltr'><strong><em>Διὸς</em></strong></span> <span class='ocrx_word' id='word_1_47' title='bbox 886 1421 921 1473; x_wconf 81' lang='grc' dir='ltr'><strong><em>νε</em></strong></span> <span class='ocrx_word' id='word_1_48' title='bbox 947 1393 1095 1470; x_wconf 80' lang='grc' dir='ltr'><strong><em>διδόντος</em></strong></span> <span class='ocrx_word' id='word_1_49' title='bbox 1119 1393 1272 1480; x_wconf 75' lang='grc' dir='ltr'><strong><em>α’ρέσθαι.</em></strong></span> 
     </span>
    </p>

    <p class='ocr_par' dir='ltr' id='par_1_7' title="bbox 266 1501 1428 3300">
     <span class='ocr_line' id='line_1_8' title="bbox 332 1501 1319 1594; baseline 0.001 -23"><span class='ocrx_word' id='word_1_50' title='bbox 332 1501 351 1586; x_wconf 79' lang='grc' dir='ltr'><strong><em>ἦ</em></strong></span> <span class='ocrx_word' id='word_1_51' title='bbox 374 1513 435 1592; x_wconf 84' lang='grc' dir='ltr'><strong><em>φῄς</em></strong></span> <span class='ocrx_word' id='word_1_52' title='bbox 459 1511 553 1572; x_wconf 82' lang='grc' dir='ltr'><strong><em>τοῦτο</em></strong></span> <span class='ocrx_word' id='word_1_53' title='bbox 579 1513 732 1573; x_wconf 90' lang='grc' dir='ltr'><strong><em>κάκιστον</em></strong></span> <span class='ocrx_word' id='word_1_54' title='bbox 759 1509 793 1573; x_wconf 80' lang='grc' dir='ltr'><strong><em>έν</em></strong></span> <span class='ocrx_word' id='word_1_55' title='bbox 819 1507 1026 1593; x_wconf 71' lang='grc' dir='ltr'><strong><em>ἀνθρώποισι</em></strong></span> <span class='ocrx_word' id='word_1_56' title='bbox 1057 1514 1215 1594; x_wconf 79' lang='grc' dir='ltr'><strong><em>τετιίχθαι</em></strong></span> <span class='ocrx_word' id='word_1_57' title='bbox 1227 1534 1239 1586; x_wconf 89' lang='grc'><strong><em>,·</em></strong></span> <span class='ocrx_word' id='word_1_58' title='bbox 1263 1515 1319 1574; x_wconf 85' lang='lat' dir='ltr'><strong>etc.</strong></span> 
     </span>
     <span class='ocr_line' id='line_1_9' title="bbox 266 1619 1385 1709; baseline 0.001 -24"><span class='ocrx_word' id='word_1_59' title='bbox 266 1619 441 1700; x_wconf 77' lang='lat' dir='ltr'><strong>Senserunt,</strong></span> <span class='ocrx_word' id='word_1_60' title='bbox 473 1622 522 1687; x_wconf 89' lang='lat' dir='ltr'><strong>vel</strong></span> <span class='ocrx_word' id='word_1_61' title='bbox 552 1623 652 1709; x_wconf 91' lang='lat' dir='ltr'><strong>potius</strong></span> <span class='ocrx_word' id='word_1_62' title='bbox 684 1624 836 1688; x_wconf 82' lang='lat' dir='ltr'><strong>finxerunt</strong></span> <span class='ocrx_word' id='word_1_63' title='bbox 864 1623 897 1687; x_wconf 92' lang='lat' dir='ltr'><strong>in</strong></span> <span class='ocrx_word' id='word_1_64' title='bbox 926 1623 975 1687; x_wconf 90' lang='lat' dir='ltr'><strong><em>his</em></strong></span> <span class='ocrx_word' id='word_1_65' title='bbox 997 1622 1204 1688; x_wconf 84' lang='lat' dir='ltr'><strong>difficultatem</strong></span> <span class='ocrx_word' id='word_1_66' title='bbox 1226 1622 1385 1707; x_wconf 86' lang='lat' dir='ltr'><strong>qnamdam</strong></span> 
     </span>
     <span class='ocr_line' id='line_1_10' title="bbox 267 1733 1387 1818; baseline -0.001 -19"><span class='ocrx_word' id='word_1_67' title='bbox 267 1734 451 1814; x_wconf 79' lang='lat' dir='ltr'><strong>scholiastae,</strong></span> <span class='ocrx_word' id='word_1_68' title='bbox 472 1735 516 1800; x_wconf 87' lang='lat' dir='ltr'><strong>ita</strong></span> <span class='ocrx_word' id='word_1_69' title='bbox 535 1735 766 1801; x_wconf 86' lang='lat' dir='ltr'><strong>ratiocinantes:</strong></span> <span class='ocrx_word' id='word_1_70' title='bbox 780 1737 849 1810; x_wconf 81' lang='grc' dir='ltr'><strong><em>πῶς</em></strong></span> <span class='ocrx_word' id='word_1_71' title='bbox 874 1737 1058 1800; x_wconf 76' lang='grc' dir='ltr'><strong><em>Ἀντινόου</em></strong></span> <span class='ocrx_word' id='word_1_72' title='bbox 1071 1738 1219 1810; x_wconf 81' lang='grc' dir='ltr'><strong><em>εῗπόυτος</em></strong></span> <span class='ocrx_word' id='word_1_73' title='bbox 1244 1740 1305 1818; x_wconf 70' lang='grc' dir='ltr'><strong><em>,μὴ</em></strong></span> <span class='ocrx_word' id='word_1_74' title='bbox 1320 1733 1387 1813; x_wconf 79' lang='grc' dir='ltr'><strong><em>σέγ’</em></strong></span> 
     </span>
     <span class='ocr_line' id='line_1_11' title="bbox 268 1847 1387 1936; baseline 0.001 -27"><span class='ocrx_word' id='word_1_75' title='bbox 268 1848 302 1911; x_wconf 81' lang='grc' dir='ltr'><strong><em>ἐν</em></strong></span> <span class='ocrx_word' id='word_1_76' title='bbox 326 1848 447 1913; x_wconf 82' lang='lat' dir='ltr'><strong>etc.&#39;&#39;o‘</strong></span> <span class='ocrx_word' id='word_1_77' title='bbox 477 1847 668 1936; x_wconf 77' lang='grc' dir='ltr'><strong><em>Τηλέμαχος</em></strong></span> <span class='ocrx_word' id='word_1_78' title='bbox 700 1850 805 1935; x_wconf 87' lang='grc' dir='ltr'><strong><em>ὣσπερ</em></strong></span> <span class='ocrx_word' id='word_1_79' title='bbox 831 1850 1026 1915; x_wconf 81' lang='grc' dir='ltr'><strong><em>τούναντίον</em></strong></span> <span class='ocrx_word' id='word_1_80' title='bbox 1050 1849 1190 1924; x_wconf 80' lang='grc' dir='ltr'><strong><em>άκοιίσας</em></strong></span> <span class='ocrx_word' id='word_1_81' title='bbox 1214 1873 1290 1934; x_wconf 82' lang='grc' dir='ltr'><strong><em>φησι</em></strong></span> <span class='ocrx_word' id='word_1_82' title='bbox 1312 1874 1387 1932; x_wconf 73' lang='lat' dir='ltr'><strong>„aas</strong></span> 
     </span>
     <span class='ocr_line' id='line_1_12' title="bbox 268 1963 1388 2050; baseline 0.004 -27"><span class='ocrx_word' id='word_1_83' title='bbox 268 1985 323 2025; x_wconf 88' lang='grc' dir='ltr'><strong><em>κεν</em></strong></span> <span class='ocrx_word' id='word_1_84' title='bbox 355 1965 444 2026; x_wconf 78' lang='grc' dir='ltr'><strong><em>τοῦτ’</em></strong></span> <span class='ocrx_word' id='word_1_85' title='bbox 467 1963 564 2042; x_wconf 83' lang='lat' dir='ltr'><strong>etc.;”</strong></span> <span class='ocrx_word' id='word_1_86' title='bbox 590 1965 618 2027; x_wconf 84' lang='grc' dir='ltr'><strong><em>εί</em></strong></span> <span class='ocrx_word' id='word_1_87' title='bbox 639 1966 699 2046; x_wconf 84' lang='grc' dir='ltr'><strong><em>μέν</em></strong></span> <span class='ocrx_word' id='word_1_88' title='bbox 724 1969 785 2048; x_wconf 79' lang='grc' dir='ltr'><strong><em>γάρ</em></strong></span> <span class='ocrx_word' id='word_1_89' title='bbox 814 1965 970 2048; x_wconf 75' lang='grc' dir='ltr'><strong><em>εἰρήκασι,</em></strong></span> <span class='ocrx_word' id='word_1_90' title='bbox 996 1963 1137 2050; x_wconf 82' lang='grc' dir='ltr'><strong><em>βασιλῆά</em></strong></span> <span class='ocrx_word' id='word_1_91' title='bbox 1161 1987 1194 2029; x_wconf 85' lang='grc' dir='ltr'><strong><em>σε</em></strong></span> <span class='ocrx_word' id='word_1_92' title='bbox 1218 1969 1388 2041; x_wconf 76' lang='grc' dir='ltr'><strong><em>ποιήσειαν</em></strong></span> 
     </span>
     <span class='ocr_line' id='line_1_13' title="bbox 268 2075 1388 2160; baseline 0.001 -22"><span class='ocrx_word' id='word_1_93' title='bbox 268 2076 300 2138; x_wconf 81' lang='grc' dir='ltr'><strong><em>οἱ</em></strong></span> <span class='ocrx_word' id='word_1_94' title='bbox 323 2077 407 2156; x_wconf 83' lang='grc' dir='ltr'><strong><em>θεοί,</em></strong></span> <span class='ocrx_word' id='word_1_95' title='bbox 422 2075 610 2141; x_wconf 77' lang='grc' dir='ltr'><strong><em>α’κόλουθον</em></strong></span> <span class='ocrx_word' id='word_1_96' title='bbox 635 2083 675 2158; x_wconf 73' lang='grc' dir='ltr'><strong><em>ἢν</em></strong></span> <span class='ocrx_word' id='word_1_97' title='bbox 702 2083 817 2158; x_wconf 80' lang='grc' dir='ltr'><strong><em>φάναι,</em></strong></span> <span class='ocrx_word' id='word_1_98' title='bbox 845 2103 922 2160; x_wconf 88' lang='grc' dir='ltr'><strong><em>,,και</em></strong></span> <span class='ocrx_word' id='word_1_99' title='bbox 948 2102 1003 2142; x_wconf 90' lang='grc' dir='ltr'><strong><em>κεν</em></strong></span> <span class='ocrx_word' id='word_1_100' title='bbox 1030 2080 1118 2141; x_wconf 76' lang='grc' dir='ltr'><strong><em>τοῦτ’</em></strong></span> <span class='ocrx_word' id='word_1_101' title='bbox 1139 2075 1323 2160; x_wconf 79' lang='grc' dir='ltr'><strong><em>έθέλοιμι,”</em></strong></span> <span class='ocrx_word' id='word_1_102' title='bbox 1345 2078 1388 2151; x_wconf 78' lang='grc' dir='ltr'><strong><em>ὥς</em></strong></span> 
     </span>
     <span class='ocr_line' id='line_1_14' title="bbox 269 2188 1388 2275; baseline 0.003 -23"><span class='ocrx_word' id='word_1_103' title='bbox 269 2213 323 2252; x_wconf 91' lang='grc' dir='ltr'><strong><em>και</em></strong></span> <span class='ocrx_word' id='word_1_104' title='bbox 356 2189 456 2254; x_wconf 80' lang='grc' dir='ltr'><strong><em>αὐτοῦ</em></strong></span> <span class='ocrx_word' id='word_1_105' title='bbox 490 2188 665 2264; x_wconf 76' lang='grc' dir='ltr'><strong><em>ἐθέλοντος</em></strong></span> <span class='ocrx_word' id='word_1_106' title='bbox 698 2195 755 2256; x_wconf 92' lang='grc' dir='ltr'><strong><em>τόν</em></strong></span> <span class='ocrx_word' id='word_1_107' title='bbox 790 2191 855 2254; x_wconf 88' lang='grc' dir='ltr'><strong><em>Δία</em></strong></span> <span class='ocrx_word' id='word_1_108' title='bbox 890 2190 993 2274; x_wconf 81' lang='grc' dir='ltr'><strong><em>δῆθεν</em></strong></span> <span class='ocrx_word' id='word_1_109' title='bbox 1022 2193 1191 2257; x_wconf 82' lang='grc' dir='ltr'><strong><em>πιστεῦσαι</em></strong></span> <span class='ocrx_word' id='word_1_110' title='bbox 1216 2191 1305 2275; x_wconf 82' lang='grc' dir='ltr'><strong><em>αὐτῷ</em></strong></span> <span class='ocrx_word' id='word_1_111' title='bbox 1330 2194 1388 2272; x_wconf 83' lang='grc' dir='ltr'><strong><em>τὴν</em></strong></span> 
     </span>
     <span class='ocr_line' id='line_1_15' title="bbox 268 2302 1388 2390; baseline -0.001 -24"><span class='ocrx_word' id='word_1_112' title='bbox 268 2303 441 2388; x_wconf 82' lang='grc' dir='ltr'><strong><em>βασίλειαν</em></strong></span> <span class='ocrx_word' id='word_1_113' title='bbox 463 2309 517 2369; x_wconf 85' lang='grc' dir='ltr'><strong><em>καί</em></strong></span> <span class='ocrx_word' id='word_1_114' title='bbox 540 2303 790 2390; x_wconf 85' lang='grc' dir='ltr'><strong><em>συνευχομένου·</em></strong></span> <span class='ocrx_word' id='word_1_115' title='bbox 816 2311 861 2388; x_wconf 80' lang='grc' dir='ltr'><strong><em>τῷ</em></strong></span> <span class='ocrx_word' id='word_1_116' title='bbox 887 2305 1021 2389; x_wconf 84' lang='grc' dir='ltr'><strong><em>φαμένῳ</em></strong></span> <span class='ocrx_word' id='word_1_117' title='bbox 1046 2304 1094 2385; x_wconf 87' lang='grc' dir='ltr'><strong><em>δέ,</em></strong></span> <span class='ocrx_word' id='word_1_118' title='bbox 1118 2309 1159 2386; x_wconf 83' lang='grc' dir='ltr'><strong><em>μὴ</em></strong></span> <span class='ocrx_word' id='word_1_119' title='bbox 1185 2302 1327 2385; x_wconf 76' lang='grc' dir='ltr'><strong><em>ποιήσειέ</em></strong></span> <span class='ocrx_word' id='word_1_120' title='bbox 1356 2325 1388 2366; x_wconf 85' lang='grc' dir='ltr'><strong><em>σε</em></strong></span> 
     </span>
     <span class='ocr_line' id='line_1_16' title="bbox 269 2413 1388 2506; baseline -0.004 -25"><span class='ocrx_word' id='word_1_121' title='bbox 269 2417 348 2501; x_wconf 84' lang='grc' dir='ltr'><strong><em>μηδέ</em></strong></span> <span class='ocrx_word' id='word_1_122' title='bbox 369 2417 442 2502; x_wconf 86' lang='grc' dir='ltr'><strong><em>δοίη</em></strong></span> <span class='ocrx_word' id='word_1_123' title='bbox 467 2442 516 2482; x_wconf 96' lang='grc' dir='ltr'><strong><em>σοι</em></strong></span> <span class='ocrx_word' id='word_1_124' title='bbox 538 2422 556 2483; x_wconf 92' lang='grc' dir='ltr'><strong><em>ό</em></strong></span> <span class='ocrx_word' id='word_1_125' title='bbox 579 2422 656 2493; x_wconf 81' lang='grc' dir='ltr'><strong><em>θεός</em></strong></span> <span class='ocrx_word' id='word_1_126' title='bbox 682 2422 741 2499; x_wconf 82' lang='grc' dir='ltr'><strong><em>τὴν</em></strong></span> <span class='ocrx_word' id='word_1_127' title='bbox 773 2416 956 2504; x_wconf 81' lang='grc' dir='ltr'><strong><em>βασιλείαν,</em></strong></span> <span class='ocrx_word' id='word_1_128' title='bbox 983 2416 1184 2506; x_wconf 83' lang='grc' dir='ltr'><strong><em>(α’κόλουθον</em></strong></span> <span class='ocrx_word' id='word_1_129' title='bbox 1209 2413 1248 2499; x_wconf 76' lang='grc' dir='ltr'><strong><em>ἦν</em></strong></span> <span class='ocrx_word' id='word_1_130' title='bbox 1274 2422 1388 2499; x_wconf 85' lang='grc' dir='ltr'><strong><em>φάναι,</em></strong></span> 
     </span>
     <span class='ocr_line' id='line_1_17' title="bbox 270 2527 1389 2617; baseline -0.004 -23"><span class='ocrx_word' id='word_1_131' title='bbox 270 2531 327 2595; x_wconf 83' lang='grc' dir='ltr'><strong><em>οὐκ</em></strong></span> <span class='ocrx_word' id='word_1_132' title='bbox 340 2535 382 2596; x_wconf 81' lang='grc' dir='ltr'><strong><em>άν</em></strong></span> <span class='ocrx_word' id='word_1_133' title='bbox 396 2534 484 2597; x_wconf 76' lang='grc' dir='ltr'><strong><em>τοῦτ’</em></strong></span> <span class='ocrx_word' id='word_1_134' title='bbox 509 2530 683 2617; x_wconf 78' lang='grc' dir='ltr'><strong><em>ε’θέλοιμι,)</em></strong></span> <span class='ocrx_word' id='word_1_135' title='bbox 701 2531 726 2614; x_wconf 89' lang='lat'><strong><em>¹)</em></strong></span> <span class='ocrx_word' id='word_1_136' title='bbox 750 2529 824 2594; x_wconf 67' lang='grc' dir='ltr'><strong><em>οίλλι</em></strong></span> <span class='ocrx_word' id='word_1_137' title='bbox 848 2531 885 2595; x_wconf 82' lang='grc' dir='ltr'><strong><em>ον</em></strong></span> <span class='ocrx_word' id='word_1_138' title='bbox 911 2531 1106 2596; x_wconf 77' lang='grc' dir='ltr'><strong><em>τούναντίον</em></strong></span> <span class='ocrx_word' id='word_1_139' title='bbox 1126 2531 1177 2593; x_wconf 87' lang='grc' dir='ltr'><strong><em>ότι</em></strong></span> <span class='ocrx_word' id='word_1_140' title='bbox 1199 2527 1389 2615; x_wconf 79' lang='grc' dir='ltr'><strong><em>βασιλεῦσαι</em></strong></span> 
     </span>
     <span class='ocr_line' id='line_1_18' title="bbox 270 2642 1391 2732; baseline -0.001 -25"><span class='ocrx_word' id='word_1_141' title='bbox 270 2647 410 2730; x_wconf 78' lang='grc' dir='ltr'><strong><em>εὔχεται.</em></strong></span> <span class='ocrx_word' id='word_1_142' title='bbox 436 2683 481 2694; x_wconf 89' lang='lat'><strong><em>-—</em></strong></span> <span class='ocrx_word' id='word_1_143' title='bbox 499 2683 543 2693; x_wconf 92' lang='lat'>—</span> <span class='ocrx_word' id='word_1_144' title='bbox 566 2645 634 2710; x_wconf 83' lang='lat' dir='ltr'><strong>Hae</strong></span> <span class='ocrx_word' id='word_1_145' title='bbox 664 2645 760 2730; x_wconf 86' lang='lat' dir='ltr'><strong>igitur</strong></span> <span class='ocrx_word' id='word_1_146' title='bbox 789 2667 894 2732; x_wconf 81' lang='lat' dir='ltr'><strong>graves</strong></span> <span class='ocrx_word' id='word_1_147' title='bbox 915 2644 1014 2709; x_wconf 88' lang='lat' dir='ltr'><strong>hercle</strong></span> <span class='ocrx_word' id='word_1_148' title='bbox 1046 2643 1236 2709; x_wconf 86' lang='lat' dir='ltr'><strong>difficultates</strong></span> <span class='ocrx_word' id='word_1_149' title='bbox 1267 2643 1310 2707; x_wconf 87' lang='lat' dir='ltr'><strong>ita</strong></span> <span class='ocrx_word' id='word_1_150' title='bbox 1332 2642 1391 2708; x_wconf 93' lang='lat' dir='ltr'><strong>tol·</strong></span> 
     </span>
     <span class='ocr_line' id='line_1_19' title="bbox 270 2741 1428 2842; baseline -0.004 -20"><span class='ocrx_word' id='word_1_151' title='bbox 270 2759 383 2824; x_wconf 86' lang='lat' dir='ltr'><strong>luntur.</strong></span> <span class='ocrx_word' id='word_1_152' title='bbox 416 2758 529 2842; x_wconf 78' lang='grc' dir='ltr'><strong><em>ῥήτέον</em></strong></span> <span class='ocrx_word' id='word_1_153' title='bbox 562 2749 619 2824; x_wconf 70' lang='lat' dir='ltr'><strong><em>mlv</em></strong></span> <span class='ocrx_word' id='word_1_154' title='bbox 651 2760 701 2822; x_wconf 86' lang='grc' dir='ltr'><strong><em>ὅτι</em></strong></span> <span class='ocrx_word' id='word_1_155' title='bbox 735 2760 801 2822; x_wconf 66' lang='grc' dir='ltr'><strong><em>ἐστι</em></strong></span> <span class='ocrx_word' id='word_1_156' title='bbox 835 2761 871 2822; x_wconf 91' lang='grc' dir='ltr'><strong><em>τό</em></strong></span> <span class='ocrx_word' id='word_1_157' title='bbox 900 2758 1019 2837; x_wconf 80' lang='grc' dir='ltr'><strong><em>,τοῦτο’</em></strong></span> <span class='ocrx_word' id='word_1_158' title='bbox 1052 2756 1229 2836; x_wconf 78' lang='grc' dir='ltr'><strong><em>δεικτικὸν,</em></strong></span> <span class='ocrx_word' id='word_1_159' title='bbox 1262 2757 1316 2820; x_wconf 88' lang='grc' dir='ltr'><strong><em>καί</em></strong></span> <span class='ocrx_word' id='word_1_160' title='bbox 1353 2755 1389 2819; x_wconf 81' lang='grc' dir='ltr'><strong><em>οὐ</em></strong></span> <span class='ocrx_word' id='word_1_161' title='bbox 1425 2741 1428 2746; x_wconf 38' lang='grc'><strong>”</strong></span> 
     </span>
     <span class='ocr_line' id='line_1_20' title="bbox 271 2869 1391 2958; baseline -0.004 -22"><span class='ocrx_word' id='word_1_162' title='bbox 271 2878 389 2949; x_wconf 78' lang='grc' dir='ltr'><strong><em>κοινῶς</em></strong></span> <span class='ocrx_word' id='word_1_163' title='bbox 413 2876 465 2936; x_wconf 82' lang='grc' dir='ltr'><strong><em>έπι</em></strong></span> <span class='ocrx_word' id='word_1_164' title='bbox 491 2877 527 2937; x_wconf 94' lang='grc' dir='ltr'><strong><em>τό</em></strong></span> <span class='ocrx_word' id='word_1_165' title='bbox 550 2873 784 2958; x_wconf 84' lang='grc' dir='ltr'><strong><em>προειρημένον</em></strong></span> <span class='ocrx_word' id='word_1_166' title='bbox 808 2873 871 2935; x_wconf 73' lang='grc' dir='ltr'><strong><em>ι’·πό</em></strong></span> <span class='ocrx_word' id='word_1_167' title='bbox 896 2875 950 2937; x_wconf 82' lang='grc' dir='ltr'><strong><em>τοῦ</em></strong></span> <span class='ocrx_word' id='word_1_168' title='bbox 976 2872 1159 2937; x_wconf 85' lang='grc' dir='ltr'><strong><em>Ἀντινόου</em></strong></span> <span class='ocrx_word' id='word_1_169' title='bbox 1180 2869 1391 2955; x_wconf 74' lang='grc' dir='ltr'><strong><em>ἀναφέρεται,</em></strong></span> 
     </span>
     <span class='ocr_line' id='line_1_21' title="bbox 271 2984 1392 3074; baseline -0.001 -26"><span class='ocrx_word' id='word_1_170' title='bbox 271 2985 344 3051; x_wconf 74' lang='grc' dir='ltr'><strong><em>ἀλλ’</em></strong></span> <span class='ocrx_word' id='word_1_171' title='bbox 368 2989 419 3051; x_wconf 88' lang='grc' dir='ltr'><strong><em>ότι</em></strong></span> <span class='ocrx_word' id='word_1_172' title='bbox 443 2995 463 3069; x_wconf 84' lang='grc' dir='ltr'><em>ἠ</em></span> <span class='ocrx_word' id='word_1_173' title='bbox 488 2987 640 3074; x_wconf 79' lang='grc' dir='ltr'><strong><em>περίοδος</em></strong></span> <span class='ocrx_word' id='word_1_174' title='bbox 664 2991 719 3052; x_wconf 84' lang='grc' dir='ltr'><strong><em>τοῦ</em></strong></span> <span class='ocrx_word' id='word_1_175' title='bbox 745 2986 844 3065; x_wconf 73' lang='grc' dir='ltr'><strong><em>λόγου</em></strong></span> <span class='ocrx_word' id='word_1_176' title='bbox 869 2985 1105 3071; x_wconf 81' lang='grc' dir='ltr'><strong><em>οἰνέστραπται.</em></strong></span> <span class='ocrx_word' id='word_1_177' title='bbox 1131 2985 1199 3049; x_wconf 86' lang='grc' dir='ltr'><strong><em>έστι</em></strong></span> <span class='ocrx_word' id='word_1_178' title='bbox 1224 2988 1284 3068; x_wconf 73' lang='grc' dir='ltr'><strong><em>γάρ</em></strong></span> <span class='ocrx_word' id='word_1_179' title='bbox 1310 2984 1392 3066; x_wconf 75' lang='grc' dir='ltr'><strong><em>αὕτη</em></strong></span> 
     </span>
     <span class='ocr_line' id='line_1_22' title="bbox 271 3096 1392 3186; baseline -0.004 -22"><span class='ocrx_word' id='word_1_180' title='bbox 271 3101 331 3183; x_wconf 84' lang='grc' dir='ltr'><strong><em>,,οό</em></strong></span> <span class='ocrx_word' id='word_1_181' title='bbox 355 3104 414 3183; x_wconf 83' lang='grc' dir='ltr'><strong><em>μέν</em></strong></span> <span class='ocrx_word' id='word_1_182' title='bbox 438 3106 499 3186; x_wconf 79' lang='grc' dir='ltr'><strong><em>γάρ</em></strong></span> <span class='ocrx_word' id='word_1_183' title='bbox 524 3127 555 3165; x_wconf 89' lang='grc' dir='ltr'><strong><em>τι</em></strong></span> <span class='ocrx_word' id='word_1_184' title='bbox 587 3101 689 3166; x_wconf 83' lang='grc' dir='ltr'><strong><em>κακόν</em></strong></span> <span class='ocrx_word' id='word_1_185' title='bbox 717 3099 930 3186; x_wconf 73' lang='grc' dir='ltr'><strong><em>βασιλευέμεν</em></strong></span> <span class='ocrx_word' id='word_1_186' title='bbox 958 3105 1015 3165; x_wconf 81' lang='lat' dir='ltr'><strong>etc.</strong></span> <span class='ocrx_word' id='word_1_187' title='bbox 1040 3100 1094 3164; x_wconf 89' lang='grc' dir='ltr'><strong><em>καί</em></strong></span> <span class='ocrx_word' id='word_1_188' title='bbox 1118 3125 1173 3164; x_wconf 91' lang='grc' dir='ltr'><strong><em>κεν</em></strong></span> <span class='ocrx_word' id='word_1_189' title='bbox 1199 3106 1287 3164; x_wconf 80' lang='grc' dir='ltr'><strong><em>τουτ’</em></strong></span> <span class='ocrx_word' id='word_1_190' title='bbox 1314 3096 1392 3160; x_wconf 81' lang='grc' dir='ltr'><strong><em>ἐθέ-</em></strong></span> 
     </span>
     <span class='ocr_line' id='line_1_23' title="bbox 273 3213 1392 3300; baseline -0.004 -22"><span class='ocrx_word' id='word_1_191' title='bbox 273 3213 359 3298; x_wconf 92' lang='grc' dir='ltr'><strong><em>λοιμι</em></strong></span> <span class='ocrx_word' id='word_1_192' title='bbox 391 3219 470 3289; x_wconf 85' lang='grc' dir='ltr'><strong><em>Διός</em></strong></span> <span class='ocrx_word' id='word_1_193' title='bbox 501 3241 535 3294; x_wconf 79' lang='grc' dir='ltr'><strong><em>με</em></strong></span> <span class='ocrx_word' id='word_1_194' title='bbox 569 3214 717 3289; x_wconf 76' lang='grc' dir='ltr'><strong><em>διδόντος</em></strong></span> <span class='ocrx_word' id='word_1_195' title='bbox 746 3213 920 3300; x_wconf 79' lang='grc' dir='ltr'><strong><em>άρέσθαι,”</em></strong></span> <span class='ocrx_word' id='word_1_196' title='bbox 949 3221 970 3296; x_wconf 77' lang='grc' dir='ltr'><em>ἤ</em></span> <span class='ocrx_word' id='word_1_197' title='bbox 1001 3216 1074 3292; x_wconf 81' lang='grc' dir='ltr'><strong><em>σιίμε</em></strong></span> <span class='ocrx_word' id='word_1_198' title='bbox 1100 3215 1194 3277; x_wconf 79' lang='grc' dir='ltr'><strong><em>τοῦτο</em></strong></span> <span class='ocrx_word' id='word_1_199' title='bbox 1219 3217 1392 3294; x_wconf 81' lang='grc' dir='ltr'><strong><em>νενόμικας</em></strong></span> 
     </span>
    </p>
   </div>
   <div class='ocr_carea' id='block_1_3' title="bbox 272 3315 1391 3414">
    <p class='ocr_par' dir='ltr' id='par_1_8' title="bbox 272 3315 1391 3414">
     <span class='ocr_line' id='line_1_24' title="bbox 272 3315 1391 3414; baseline -0.002 -24"><span class='ocrx_word' id='word_1_200' title='bbox 272 3329 306 3392; x_wconf 81' lang='grc' dir='ltr'><strong><em>έν</em></strong></span> <span class='ocrx_word' id='word_1_201' title='bbox 338 3329 544 3413; x_wconf 79' lang='grc' dir='ltr'><strong><em>α’νθρώποισι</em></strong></span> <span class='ocrx_word' id='word_1_202' title='bbox 578 3335 733 3394; x_wconf 91' lang='grc' dir='ltr'><strong><em>κάκιστον</em></strong></span> <span class='ocrx_word' id='word_1_203' title='bbox 764 3334 936 3414; x_wconf 75' lang='grc' dir='ltr'><strong><em>τετάχθαι,</em></strong></span> <span class='ocrx_word' id='word_1_204' title='bbox 973 3326 1100 3392; x_wconf 74' lang='grc' dir='ltr'><strong><em>οὐδέν</em></strong></span> <span class='ocrx_word' id='word_1_205' title='bbox 1132 3315 1180 3406; x_wconf 78' lang='grc' dir='ltr'><strong><em>ἦν</em></strong></span> <span class='ocrx_word' id='word_1_206' title='bbox 1212 3331 1391 3391; x_wconf 86' lang='grc' dir='ltr'><strong><em>ἄτοπον.</em></strong></span> 
     </span>
    </p>
   </div>
   <div class='ocr_carea' id='block_1_4' title="bbox 272 3440 1469 4325">
    <p class='ocr_par' dir='ltr' id='par_1_9' title="bbox 272 3440 1469 4325">
     <span class='ocr_line' id='line_1_25' title="bbox 273 3440 1393 3529; baseline -0.002 -25"><span class='ocrx_word' id='word_1_207' title='bbox 273 3441 356 3506; x_wconf 82' lang='grc' dir='ltr'><strong><em>οὕτω</em></strong></span> <span class='ocrx_word' id='word_1_208' title='bbox 380 3465 434 3506; x_wconf 87' lang='grc' dir='ltr'><strong><em>και</em></strong></span> <span class='ocrx_word' id='word_1_209' title='bbox 459 3446 519 3509; x_wconf 80' lang='grc' dir='ltr'><strong><em>νόν</em></strong></span> <span class='ocrx_word' id='word_1_210' title='bbox 545 3447 659 3508; x_wconf 84' lang='grc' dir='ltr'><strong><em>τοῦτον</em></strong></span> <span class='ocrx_word' id='word_1_211' title='bbox 684 3446 825 3529; x_wconf 78' lang='grc' dir='ltr'><strong><em>ἐχόντων</em></strong></span> <span class='ocrx_word' id='word_1_212' title='bbox 850 3447 906 3507; x_wconf 91' lang='grc' dir='ltr'><strong><em>τόν</em></strong></span> <span class='ocrx_word' id='word_1_213' title='bbox 933 3449 1053 3526; x_wconf 87' lang='grc' dir='ltr'><strong><em>τρόπον</em></strong></span> <span class='ocrx_word' id='word_1_214' title='bbox 1086 3444 1152 3505; x_wconf 81' lang='grc' dir='ltr'><strong><em>τῶν</em></strong></span> <span class='ocrx_word' id='word_1_215' title='bbox 1185 3442 1286 3518; x_wconf 82' lang='grc' dir='ltr'><strong><em>ἐπῶν,</em></strong></span> <span class='ocrx_word' id='word_1_216' title='bbox 1315 3440 1393 3504; x_wconf 73' lang='lat' dir='ltr'><strong>cius-</strong></span> 
     </span>
     <span class='ocr_line' id='line_1_26' title="bbox 274 3547 1392 3641; baseline -0.004 -24"><span class='ocrx_word' id='word_1_217' title='bbox 274 3555 476 3641; x_wconf 83' lang='grc' dir='ltr'><strong><em>στραμμένης</em></strong></span> <span class='ocrx_word' id='word_1_218' title='bbox 501 3563 556 3638; x_wconf 82' lang='grc' dir='ltr'><strong><em>τῆς</em></strong></span> <span class='ocrx_word' id='word_1_219' title='bbox 581 3556 734 3641; x_wconf 88' lang='grc' dir='ltr'><strong><em>περιόδου</em></strong></span> <span class='ocrx_word' id='word_1_220' title='bbox 756 3555 934 3620; x_wconf 82' lang='grc' dir='ltr'><strong><em>α’κουστέον</em></strong></span> <span class='ocrx_word' id='word_1_221' title='bbox 966 3547 1020 3618; x_wconf 77' lang='grc' dir='ltr'><strong><em>καί</em></strong></span> <span class='ocrx_word' id='word_1_222' title='bbox 1044 3579 1099 3618; x_wconf 94' lang='grc' dir='ltr'><strong><em>κεν</em></strong></span> <span class='ocrx_word' id='word_1_223' title='bbox 1125 3559 1213 3617; x_wconf 77' lang='grc' dir='ltr'><strong><em>τοῦτ’</em></strong></span> <span class='ocrx_word' id='word_1_224' title='bbox 1246 3550 1392 3634; x_wconf 81' lang='grc' dir='ltr'><strong><em>ε’θέλοιμι</em></strong></span> 
     </span>
     <span class='ocr_line' id='line_1_27' title="bbox 272 3666 1395 3757; baseline -0.003 -24"><span class='ocrx_word' id='word_1_225' title='bbox 272 3670 350 3734; x_wconf 83' lang='lat' dir='ltr'><strong>etc.&#39;&#39;</strong></span> <span class='ocrx_word' id='word_1_226' title='bbox 376 3669 457 3736; x_wconf 90' lang='lat' dir='ltr'><strong>Hem</strong></span> <span class='ocrx_word' id='word_1_227' title='bbox 481 3672 631 3757; x_wconf 83' lang='lat' dir='ltr'><strong>argutias!</strong></span> <span class='ocrx_word' id='word_1_228' title='bbox 655 3671 715 3737; x_wconf 85' lang='lat' dir='ltr'><strong>Sed</strong></span> <span class='ocrx_word' id='word_1_229' title='bbox 738 3671 914 3755; x_wconf 90' lang='lat' dir='ltr'><strong>quicunque</strong></span> <span class='ocrx_word' id='word_1_230' title='bbox 936 3668 1121 3733; x_wconf 72' lang='lat' dir='ltr'><strong>scholiastae</strong></span> <span class='ocrx_word' id='word_1_231' title='bbox 1146 3667 1275 3731; x_wconf 87' lang='lat' dir='ltr'><strong>rationes</strong></span> <span class='ocrx_word' id='word_1_232' title='bbox 1295 3666 1395 3749; x_wconf 88' lang='lat' dir='ltr'><strong>aliqua</strong></span> 
     </span>
     <span class='ocr_line' id='line_1_28' title="bbox 274 3779 1395 3869; baseline -0.003 -23"><span class='ocrx_word' id='word_1_233' title='bbox 274 3783 432 3869; x_wconf 84' lang='lat' dir='ltr'><strong>diligentia</strong></span> <span class='ocrx_word' id='word_1_234' title='bbox 455 3792 600 3869; x_wconf 90' lang='lat' dir='ltr'><strong>sequutus</strong></span> <span class='ocrx_word' id='word_1_235' title='bbox 624 3793 679 3863; x_wconf 90' lang='lat' dir='ltr'><strong>est,</strong></span> <span class='ocrx_word' id='word_1_236' title='bbox 713 3784 870 3849; x_wconf 88' lang='lat' dir='ltr'><strong>Dindorfio</strong></span> <span class='ocrx_word' id='word_1_237' title='bbox 894 3781 1088 3858; x_wconf 88' lang='lat' dir='ltr'><strong>adsentietur,</strong></span> <span class='ocrx_word' id='word_1_238' title='bbox 1114 3779 1212 3857; x_wconf 88' lang='lat' dir='ltr'><strong>credo,</strong></span> <span class='ocrx_word' id='word_1_239' title='bbox 1236 3779 1273 3844; x_wconf 90' lang='lat' dir='ltr'><strong>de</strong></span> <span class='ocrx_word' id='word_1_240' title='bbox 1297 3779 1395 3845; x_wconf 87' lang='lat' dir='ltr'><strong>verbis</strong></span> 
     </span>
     <span class='ocr_line' id='line_1_29' title="bbox 275 3893 1396 3980; baseline -0.003 -21"><span class='ocrx_word' id='word_1_241' title='bbox 275 3895 369 3962; x_wconf 74' lang='grc' dir='ltr'><strong><em>οῦδὲν</em></strong></span> <span class='ocrx_word' id='word_1_242' title='bbox 390 3893 429 3977; x_wconf 78' lang='grc' dir='ltr'><strong><em>ἦν</em></strong></span> <span class='ocrx_word' id='word_1_243' title='bbox 452 3901 578 3961; x_wconf 81' lang='grc' dir='ltr'><strong><em>ἄτοπον</em></strong></span> <span class='ocrx_word' id='word_1_244' title='bbox 598 3898 672 3962; x_wconf 89' lang='lat' dir='ltr'><strong>hacc</strong></span> <span class='ocrx_word' id='word_1_245' title='bbox 695 3898 848 3963; x_wconf 89' lang='lat' dir='ltr'><strong>monenti:</strong></span> <span class='ocrx_word' id='word_1_246' title='bbox 874 3896 980 3980; x_wconf 86' lang='lat' dir='ltr'><strong>„Haec</strong></span> <span class='ocrx_word' id='word_1_247' title='bbox 1003 3895 1092 3961; x_wconf 89' lang='lat' dir='ltr'><strong>verba</strong></span> <span class='ocrx_word' id='word_1_248' title='bbox 1115 3916 1170 3960; x_wconf 89' lang='lat' dir='ltr'><strong>nec</strong></span> <span class='ocrx_word' id='word_1_249' title='bbox 1190 3917 1259 3958; x_wconf 90' lang='lat' dir='ltr'><strong><em>cum</em></strong></span> <span class='ocrx_word' id='word_1_250' title='bbox 1279 3899 1396 3958; x_wconf 80' lang='lat' dir='ltr'><strong>antece·</strong></span> 
     </span>
     <span class='ocr_line' id='line_1_30' title="bbox 275 4010 1398 4093; baseline -0.004 -20"><span class='ocrx_word' id='word_1_251' title='bbox 275 4010 416 4075; x_wconf 87' lang='lat' dir='ltr'><strong>dentibus</strong></span> <span class='ocrx_word' id='word_1_252' title='bbox 428 4011 597 4090; x_wconf 87' lang='lat' dir='ltr'><strong>cohaerent,</strong></span> <span class='ocrx_word' id='word_1_253' title='bbox 617 4012 700 4076; x_wconf 91' lang='lat' dir='ltr'><strong>nisi</strong></span> <span class='ocrx_word' id='word_1_254' title='bbox 721 4019 742 4093; x_wconf 72' lang='grc' dir='ltr'><strong><em>ἡ·</em></strong></span> <span class='ocrx_word' id='word_1_255' title='bbox 754 4014 794 4075; x_wconf 81' lang='grc' dir='ltr'><strong><em>σιί</em></strong></span> <span class='ocrx_word' id='word_1_256' title='bbox 803 4037 838 4089; x_wconf 83' lang='grc' dir='ltr'><strong><em>γε</em></strong></span> <span class='ocrx_word' id='word_1_257' title='bbox 859 4012 899 4076; x_wconf 93' lang='lat' dir='ltr'><strong>in</strong></span> <span class='ocrx_word' id='word_1_258' title='bbox 921 4013 949 4074; x_wconf 77' lang='grc' dir='ltr'><strong><em>εἰ</em></strong></span> <span class='ocrx_word' id='word_1_259' title='bbox 962 4016 1001 4076; x_wconf 75' lang='lat' dir='ltr'><strong><em>os!</em></strong></span> <span class='ocrx_word' id='word_1_260' title='bbox 1012 4035 1046 4088; x_wconf 78' lang='grc' dir='ltr'><strong><em>γε</em></strong></span> <span class='ocrx_word' id='word_1_261' title='bbox 1060 4015 1248 4084; x_wconf 89' lang='lat' dir='ltr'><strong>mutetur,</strong></span> <span class='ocrx_word' id='word_1_262' title='bbox 1262 4027 1317 4071; x_wconf 91' lang='lat' dir='ltr'><strong>nec</strong></span> <span class='ocrx_word' id='word_1_263' title='bbox 1328 4025 1398 4069; x_wconf 90' lang='lat' dir='ltr'><strong><em>cum</em></strong></span> 
     </span>
     <span class='ocr_line' id='line_1_31' title="bbox 274 4120 1399 4209; baseline -0.004 -22"><span class='ocrx_word' id='word_1_264' title='bbox 274 4124 502 4207; x_wconf 83' lang='lat' dir='ltr'><strong>sequentihus,&#39;&#39;</strong></span> <span class='ocrx_word' id='word_1_265' title='bbox 518 4123 595 4191; x_wconf 84' lang='lat' dir='ltr'><strong>unde</strong></span> <span class='ocrx_word' id='word_1_266' title='bbox 608 4126 737 4191; x_wconf 83' lang='lat' dir='ltr'><strong>confecit</strong></span> <span class='ocrx_word' id='word_1_267' title='bbox 748 4149 777 4192; x_wconf 85' lang='lat' dir='ltr'><strong><em>v.</em></strong></span> <span class='ocrx_word' id='word_1_268' title='bbox 790 4125 826 4189; x_wconf 95' lang='lat' dir='ltr'><strong><em>cl.</em></strong></span> <span class='ocrx_word' id='word_1_269' title='bbox 842 4125 980 4209; x_wconf 86' lang='lat' dir='ltr'><strong>„aliquid</strong></span> <span class='ocrx_word' id='word_1_270' title='bbox 991 4123 1137 4188; x_wconf 86' lang='lat' dir='ltr'><strong>excidisse</strong></span> <span class='ocrx_word' id='word_1_271' title='bbox 1148 4120 1275 4188; x_wconf 84' lang='lat' dir='ltr'><strong>videri.&#39;&#39;</strong></span> <span class='ocrx_word' id='word_1_272' title='bbox 1287 4121 1399 4205; x_wconf 85' lang='lat' dir='ltr'><strong>Super-</strong></span> 
     </span>
     <span class='ocr_line' id='line_1_32' title="bbox 275 4234 1469 4325; baseline -0.004 -24"><span class='ocrx_word' id='word_1_273' title='bbox 275 4260 338 4303; x_wconf 92' lang='lat' dir='ltr'><strong>esse</strong></span> <span class='ocrx_word' id='word_1_274' title='bbox 357 4240 459 4325; x_wconf 87' lang='lat' dir='ltr'><strong>potius</strong></span> <span class='ocrx_word' id='word_1_275' title='bbox 480 4239 595 4325; x_wconf 85' lang='lat' dir='ltr'><strong>aliquid</strong></span> <span class='ocrx_word' id='word_1_276' title='bbox 617 4241 746 4307; x_wconf 85' lang='lat' dir='ltr'><strong>videtur.</strong></span> <span class='ocrx_word' id='word_1_277' title='bbox 771 4240 853 4305; x_wconf 90' lang='lat' dir='ltr'><strong><em>Num</em></strong></span> <span class='ocrx_word' id='word_1_278' title='bbox 873 4238 899 4302; x_wconf 92' lang='lat' dir='ltr'><strong><em>si</em></strong></span> <span class='ocrx_word' id='word_1_279' title='bbox 919 4240 967 4306; x_wconf 90' lang='lat' dir='ltr'><strong>vel</strong></span> <span class='ocrx_word' id='word_1_280' title='bbox 986 4239 1125 4314; x_wconf 83' lang='lat' dir='ltr'><strong>maxime,</strong></span> <span class='ocrx_word' id='word_1_281' title='bbox 1147 4234 1246 4303; x_wconf 88' lang='lat' dir='ltr'><strong>verbis</strong></span> <span class='ocrx_word' id='word_1_282' title='bbox 1266 4241 1285 4316; x_wconf 73' lang='grc' dir='ltr'><strong><em>ἡ·</em></strong></span> <span class='ocrx_word' id='word_1_283' title='bbox 1304 4237 1344 4297; x_wconf 80' lang='grc' dir='ltr'><strong><em>σιί</em></strong></span> <span class='ocrx_word' id='word_1_284' title='bbox 1363 4259 1397 4311; x_wconf 77' lang='grc' dir='ltr'><strong><em>με</em></strong></span> <span class='ocrx_word' id='word_1_285' title='bbox 1464 4308 1469 4316; x_wconf 29' lang='grc' dir='ltr'>Ι</span> 
     </span>
    </p>
   </div>
   <div class='ocr_carea' id='block_1_5' title="bbox 288 4406 504 4420">
    <p class='ocr_par' dir='ltr' id='par_1_10' title="bbox 288 4406 504 4420">
     <span class='ocr_line' id='line_1_33' title="bbox 288 4406 504 4420; baseline -0.009 1"><span class='ocrx_word' id='word_1_286' title='bbox 288 4406 504 4420; x_wconf 50' lang='grc' dir='ltr'><strong><em>Η-ῌ--ι--εα</em></strong></span> 
     </span>
    </p>
   </div>
   <div class='ocr_carea' id='block_1_6' title="bbox 280 4507 1399 4656">
    <p class='ocr_par' dir='ltr' id='par_1_11' title="bbox 280 4507 1399 4656">
     <span class='ocr_line' id='line_1_34' title="bbox 312 4507 1399 4580; baseline -0.003 -17"><span class='ocrx_word' id='word_1_287' title='bbox 312 4516 330 4574; x_wconf 88' lang='lat'><strong><em>¹)</em></strong></span> <span class='ocrx_word' id='word_1_288' title='bbox 348 4515 387 4564; x_wconf 81' lang='lat' dir='ltr'><strong><em>Ita</em></strong></span> <span class='ocrx_word' id='word_1_289' title='bbox 404 4515 527 4566; x_wconf 79' lang='lat' dir='ltr'><strong>admodum</strong></span> <span class='ocrx_word' id='word_1_290' title='bbox 545 4513 696 4580; x_wconf 82' lang='lat' dir='ltr'><strong>probabiliter</strong></span> <span class='ocrx_word' id='word_1_291' title='bbox 713 4515 813 4580; x_wconf 82' lang='lat' dir='ltr'><strong>explevit</strong></span> <span class='ocrx_word' id='word_1_292' title='bbox 829 4516 961 4568; x_wconf 75' lang='lat' dir='ltr'><strong>Diodorum</strong></span> <span class='ocrx_word' id='word_1_293' title='bbox 975 4513 1089 4573; x_wconf 75' lang='lat' dir='ltr'><strong>lacunam,</strong></span> <span class='ocrx_word' id='word_1_294' title='bbox 1105 4529 1175 4577; x_wconf 85' lang='lat' dir='ltr'><strong>qoam</strong></span> <span class='ocrx_word' id='word_1_295' title='bbox 1193 4512 1246 4576; x_wconf 81' lang='lat' dir='ltr'><strong>post</strong></span> <span class='ocrx_word' id='word_1_296' title='bbox 1255 4507 1399 4574; x_wconf 74' lang='grc' dir='ltr'><strong><em>βασιλείαν</em></strong></span> 
     </span>
     <span class='ocr_line' id='line_1_35' title="bbox 280 4603 401 4656; baseline 0.017 -2"><span class='ocrx_word' id='word_1_297' title='bbox 280 4603 401 4656; x_wconf 80' lang='lat' dir='ltr'><strong>indicavit.</strong></span> 
     </span>
    </p>
   </div>
   <div class='ocr_carea' id='block_1_7' title="bbox 0 0 1746 5330">
    <p class='ocr_par' dir='ltr' id='par_1_12' title="bbox 0 0 1746 5330">
     <span class='ocr_line' id='line_1_36' title="bbox 0 0 1746 5330; baseline 0 0"><span class='ocrx_word' id='word_1_298' title='bbox 0 0 1746 5330; x_wconf 95' lang='lat' dir='ltr'><strong><em> </em></strong></span> 
     </span>
    </p>
   </div>
  </div>
 </body>
</html>
