3454 5330
797 685 859 747 101

311 873 446 958 Ulysses‚
470 870 503 936 iu
525 868 554 944 ξ.
571 874 634 936 115
659 891 742 955 seqq.
766 867 896 934 mendici
916 865 1023 934 hubitu
1042 868 1121 957 apud
1141 867 1308 934 Eumaeum
1327 893 1392 948 mo-¹

265 994 358 1066 ratus,
393 987 479 1071 dicit,
514 986 577 1050 fieri
611 985 746 1072 potuisse
779 990 815 1049 ut
846 983 957 1051 alicubi
992 983 1083 1050 huius
1117 983 1240 1050 domino
1271 983 1391 1050 obviem

264 1103 363 1167 factus
401 1100 452 1178 sit,
490 1120 620 1185 namque
657 1120 689 1164 se
729 1095 842 1184 ubique
881 1105 1029 1165 terrarum
1061 1121 1182 1165 errasse.
1216 1099 1392 1186 Respondet

264 1217 428 1293 Eumaeus,
451 1238 483 1281 se
504 1213 553 1278 his
575 1213 694 1278 nuntiis
716 1212 831 1278 nullam
853 1214 943 1279 fidem
965 1214 1083 1292 hebere,
1108 1236 1177 1279 nam
1196 1214 1308 1280 multos
1331 1213 1391 1279 iam

265 1337 353 1396 antea
375 1351 495 1395 errones
518 1335 549 1393 et
571 1328 726 1393 mendicos
753 1327 893 1393 similiter
915 1327 1037 1407 dixisse,
1061 1327 1172 1394 vidisse
1196 1351 1227 1393 sc
1249 1329 1390 1413 Ulyssem

264 1467 392 1531 eumque
415 1466 486 1508 mox
507 1465 707 1522 reversurum,
731 1455 829 1528 neque
852 1449 953 1508 tamen
976 1465 1110 1528 unquam
1133 1443 1177 1508 ita
1196 1443 1340 1528 evenisse,
1359 1451 1390 1509 et
1487 1517 1490 1522 Α

264 1561 309 1625 ite
327 1558 402 1625 tales
421 1557 558 1624 homines
578 1557 732 1624 dominam
752 1581 837 1624 suem
852 1557 1023 1644 Penelopen
1034 1557 1225 1645 impudenter
1236 1556 1387 1646 decipere:

265 1675 300 1748 ὃς
324 1671 358 1738 δέ
383 1679 414 1737 κ’
438 1670 604 1756 ἀλητεύων
630 1675 770 1757 Ἰθάκης
794 1671 826 1746 ἒς
850 1670 951 1753 δῆμον
976 1671 1101 1754 ἱίιηται,

266 1787 376 1854 ἐλθὼν
400 1787 433 1862 ἐς
457 1784 637 1854 δέσποιναν
663 1786 742 1871 ἐμὴν
767 1783 933 1866 ἀπατήλια
957 1785 1063 1872 βάζει·

265 1910 286 1986 η’
309 1901 339 1966 δ’
364 1894 400 1967 εὖ
421 1901 583 1987 δεξαμένη
607 1898 711 1985 φιλέει
736 1902 791 1965 καὶ
816 1897 939 1965 ἕκαστα
962 1898 1120 1984 μεταλλᾷ·
1147 1899 1190 1985 (ξ.
1214 1906 1278 1966 126
1290 1902 1388 1992 seqq.)

265 2017 314 2082 Ad
343 2017 416 2084 haec
445 2017 631 2084 verissimam
655 2016 692 2082 de
722 2021 832 2080 natura
853 2014 985 2081 humana
1008 2013 1250 2082 observationem
1273 2017 1392 2083 eddidit

265 2132 365 2200 nescio
389 2133 468 2218 quis,
492 2133 544 2198 sed
567 2155 632 2198 eam
655 2153 732 2216 quae
753 2153 836 2196 nuuc
857 2129 989 2219 intelligi
1012 2138 1157 2220 nequeat:
1183 2137 1305 2215 φύσεως
1327 2131 1390 2199 ἀν-

266 2249 435 2333 θρωπίνης
458 2246 575 2330 ἰδίωμα
597 2249 633 2313 τὸ
658 2247 754 2332 περὶ
779 2250 860 2313 τῶν
883 2247 1132 2325 ἀναγκαίων
1156 2247 1410 2336 ἀπιστοῦν-Ι

267 2389 340 2438 τας
370 2370 391 2445 'l
398 2369 476 2447 μᾶς
498 2362 581 2445 ὅμως
605 2359 922 2427 ἀναπυνθάνεσθαι.
949 2361 983 2426 Si
1007 2363 1079 2447 περὶ
1104 2365 1170 2429 τῶν
1196 2337 1410 2442 ἀναγκαίωνΙ

267 2478 487 2553 ἀπιστοῦντας
507 2475 660 2542 obiectum
675 2481 722 2541 est
733 2475 817 2542 verbi
828 2475 1129 2556 ἀνοπυνθάνσθαι,
1146 2478 1219 2562 quid
1231 2477 1389 2564 significat,

265 2595 448 2680 interrogare
479 2614 539 2671 cos,
571 2591 624 2678 qui
655 2591 794 2657 diffident
823 2587 1019 2659 necessariis?
1052 2593 1117 2659 Aut
1143 2593 1169 2658 si
1199 2594 1329 2682 pertinet
1352 2595 1391 2659 ad

266 2713 359 2789 ἡμᾶς,
386 2706 461 2792 quid
484 2705 542 2772 sibi
565 2706 632 2773 vult
654 2713 737 2790 η’μας
760 2706 982 2781 ἀπιστοῦντας
1005 2708 1078 2792 περὶ
1103 2731 1134 2771 τ.
1161 2707 1217 2773 cn?
1249 2707 1292 2771 nt
1314 2706 1389 2791 qnid

264 2826 330 2887 tum
360 2828 406 2887 est
437 2819 589 2887 obiectum
619 2821 704 2888 verbi
735 2820 1053 2899 ἀναπυνθάνεσθαι,
1086 2843 1158 2885 nam
1188 2819 1290 2886 abesse
1323 2843 1385 2885 non

265 2942 363 3023 potest
385 2935 499 3001 mentio
521 2935 596 3015 eius,
620 2958 710 3023 quem
729 2936 914 3022 interrogare
932 2936 1081 3001 humanae
1100 2938 1224 3001 naturae
1236 2934 1389 3022 proprium

265 3051 314 3128 sit,
338 3052 369 3114 et
397 3048 472 3136 quid
502 3050 625 3115 tandem
647 3055 709 3114 est:
734 3049 801 3116 τῶν
825 3048 1040 3128 ἀναγκαίωνΡ
1070 3049 1165 3116 Estne
1186 3049 1390 3117 nominativus

265 3165 297 3227 οἱ
318 3160 496 3240 ἀναγκαῖοι
527 3183 566 3227 an
597 3164 638 3225 τά
663 3161 855 3241 ἀναγναῖαΡ
878 3165 926 3229 Ex
947 3164 996 3231 his
1026 3163 1122 3231 οὐδὲν
1146 3163 1235 3242 ὑγιὲς
1259 3164 1388 3251 exsculpi

264 3281 371 3363 potest.
397 3275 482 3348 Quin
504 3275 595 3342 verba
613 3277 771 3344 manifeste
793 3285 934 3367 corrupte
953 3279 1138 3345 emendenda
1157 3285 1228 3344 sunt
1252 3277 1285 3343 in
1306 3279 1389 3357 hunc

263 3389 403 3454 modum:
436 3393 558 3472 φάσεως
589 3388 804 3476 ἀνθρωπίνης
836 3392 965 3476 ἰδίωμα,
1007 3391 1132 3482 (τους)
1171 3391 1273 3477 ὑπὲρ
1307 3395 1386 3457 τῶν

264 3502 518 3581 ἀναγκαίων
544 3502 803 3580 ἀπατῶντας
833 3512 929 3587 ἡμᾶς,
955 3506 1039 3587 ὁμῶς
1070 3504 1385 3570 ἀναπυνθάνεσθαι.

263 3615 395 3683 Inuitum
424 3623 470 3682 est
499 3617 533 3681 in
563 3617 695 3683 humana
725 3624 841 3695 nature,
866 3641 917 3682 eos
942 3640 1017 3702 quos
1041 3618 1152 3683 scimus
1175 3640 1231 3682 nos
1252 3617 1388 3705 decipere

264 3729 303 3797 ob
332 3731 448 3796 victum
478 3731 689 3817 quotidianum
723 3732 809 3818 (τούς
839 3730 1039 3805 ἀπατῶντας
1069 3735 1151 3813 ἡμᾶς
1173 3729 1254 3816 ὑπὲρ
1279 3756 1309 3795 τ.
1336 3735 1386 3818 α.)

263 3851 364 3909 tamen
394 3844 578 3930 interrogare
607 3846 642 3932 ¹).
674 3845 866 3911 Vocabulum
888 3843 1086 3917 ἀπατῶντας
1110 3843 1145 3909 iu
1165 3841 1386 3921 ἀπιστοῦντας

265 3954 341 4021 abiit
363 3957 450 4044 plane
472 3958 578 4025 ecdem
600 3959 699 4038 modo,
723 3965 759 4024 ut
780 3959 814 4024 iu
845 3957 975 4024 Scholiis
998 3955 1126 4024 Venetis
1148 3958 1187 4023 ed
1209 3958 1247 4023 B.
1272 3963 1387 4043 6„u0n

298 4204 316 4266 ¹)
332 4203 464 4255 Particulee
482 4201 549 4272 ὑπὲρ
566 4207 590 4256 et
606 4208 668 4272 περὶ
686 4205 817 4272 saepissime
833 4206 894 4273 apud
911 4220 989 4256 omncs
1006 4203 1105 4254 Graecos
1122 4203 1248 4269 scriptores
1266 4220 1318 4256 cum
1334 4221 1386 4258 sen·

263 4295 347 4346 lentim
364 4295 448 4345 dumrm
465 4296 493 4346 de
509 4296 560 4346 loco
577 4297 674 4347 certent.
694 4299 725 4346 In
741 4297 827 4349 normis
843 4299 927 4348 iterum
944 4311 988 4362 pro
1002 4295 1065 4362 περὶ
1083 4295 1249 4346 restituendum
1263 4298 1298 4347 est
1308 4295 1384 4363 ὑπὲρ,

263 4386 291 4436 ud
308 4405 332 4436 ν.
351 4387 408 4445 119,
425 4386 465 4436 ubi
482 4386 580 4446 (licitum
598 4389 712 4442 Phaeaces
729 4390 761 4440 οὐ
781 4388 951 4439 διανιστᾶσιν
968 4385 1051 4438 αὐτὸν
1067 4389 1146 4454 περὶ
1169 4389 1219 4436 τοῦ
1237 4388 1276 4452 μὴ
1294 4387 1388 4440 δοκεῖν

262 4475 342 4543 χάριν
359 4479 406 4540 τῆς
422 4483 604 4543 παραπομπῆς
620 4478 754 4532 ἀπαιτεῖν.
773 4480 850 4532 Immo
870 4476 954 4545 ὑπὲρ
972 4478 1020 4528 τοῦ
1037 4479 1074 4543 μὴ
1084 4477 1176 4529 δονεῖν
1186 4477 1249 4537 ιιτὲ.,
1264 4479 1388 4544 i.e.Ulys·

262 4582 309 4618 sem
325 4567 478 4618 dormientem
494 4584 542 4619 non
558 4569 668 4632 excitm,
685 4588 715 4623 ue
730 4572 852 4625 videantur
867 4570 995 4622 mecedem
1012 4568 1136 4640 postulare,
1155 4568 1217 4634 quod
1234 4585 1286 4620 eum
1302 4569 1328 4620 iu
1345 4587 1386 4638 pe-

261 4657 332 4710 tn'em
348 4658 491 4713 meent.
1286 4653 1289 4660 ²
