3454 5330
805 622 869 685 115

275 816 391 874 turmae
414 809 547 886 emissae,
578 845 623 854 —
645 845 690 854 —
719 830 758 874 ne
780 806 814 872 in
837 806 1024 893 singolorum
1053 808 1273 892 [morando]
1301 807 1398 886 caede,

275 924 405 1010 spatium
427 924 466 988 ad
487 923 675 989 evadendum
698 921 821 988 interim
841 922 1032 988 multitudini
1052 921 1166 987 darent.
1187 921 1398 989 Inducendum

275 1044 337 1104 est:
362 1037 559 1104 morando.

802 1293 855 1365 X.

244 1511 246 1515 v
321 1544 428 1611 Horat.
454 1543 552 1632 Epist.
576 1546 603 1609 I.
630 1548 682 1622 10,
707 1547 766 1610 47:

419 1661 553 1746 Imperat
575 1666 629 1724 aut
651 1658 745 1724 servit
767 1659 890 1723 collecta
914 1658 1043 1744 pecunia
1065 1658 1174 1744 cuique
1199 1666 1255 1724 oet.

320 1774 497 1860 Legendum
520 1780 581 1840 est:
606 1773 749 1859 Imperat,
772 1772 870 1838 haut
893 1771 995 1838 servit.

815 2027 868 2091 XI.

320 2283 403 2348 Male
424 2281 576 2348 Martialis
596 2281 726 2348 editores
744 2303 805 2346 non
821 2280 957 2346 obsecuti
967 2288 1040 2347 sunt
1050 2281 1212 2367 Lessingio
1222 2283 1404 2369 epigramma

276 2398 347 2463 libri
367 2398 394 2460 Ι.
416 2397 562 2464 XXXIX
583 2419 651 2464 oum
673 2396 901 2483 quadragesimo
922 2395 1167 2484 coniungendam
1182 2419 1246 2462 esse
1257 2399 1401 2464 monenti.

802 2651 870 2714 XII.

321 2903 473 2976 Martialis
494 2903 600 2990 Ilpigr.
623 2903 644 2966 l.
670 2901 709 2965 V.
734 2902 828 2988 epigr.
852 2900 1027 2967 XXXVII.
1052 2924 1096 2967 vs.
1122 2906 1164 2966 14
1185 2924 1278 2989 seqq.:
1362 2920 1366 2927 ·

369 3110 372 3115 ι
479 3017 590 3081 Adhuc
613 3016 725 3082 recenti
749 3023 832 3104 tepet
853 3015 980 3081 Erotion
1002 3014 1093 3082 busto

478 3131 579 3202 Quam
602 3131 801 3217 pessimorum
822 3131 871 3197 lex
896 3152 996 3197 amara
1018 3131 1149 3197 fatorum

478 3244 569 3310 Sexta
588 3246 751 3332 peregit
772 3245 871 3311 hieme
893 3251 1072 3311 nontamen
1093 3252 1158 3311 tota
1180 3253 1236 3311 oet.

320 3358 396 3422 Pro:
422 3358 583 3444 peregit
605 3359 739 3444 legatur:
764 3359 943 3445 peremit.

801 3611 884 3674 XIII.

322 3860 405 3926 Male
427 3862 576 3950 Propertii
599 3861 738 3939 editores,
762 3861 990 3928 Lachmannum
1022 3861 1127 3940 secuti,
1150 3861 1216 3926 eius
1239 3861 1348 3946 elegias
1370 3861 1403 3926 in

277 3974 455 4061 quinque
476 3974 569 4041 libros
593 3974 770 4042 diviserunt.

801 4227 882 4292 XIV.

322 4462 560 4529 VerosimiIIima
582 4471 629 4528 est
648 4462 792 4529 Vahlenii
811 4466 990 4541 coniectura,
1011 4463 1104 4528 Ennii
1120 4463 1301 4550 Scipionem
1321 4456 1418 4522 fuisso

279 4582 418 4644 saturam.
