3454 5330
851 658 891 718 58

321 862 374 905 cnr
396 838 572 917 abundaret,
596 839 729 903 hicnon
752 843 807 902 est.
831 839 933 925 Igitur
954 839 1012 904 hoc
1033 846 1136 904 nostro
1156 837 1223 904 loco
1253 841 1296 912 ὥς
1319 839 1440 904 sanissi-

323 975 406 1018 mum
429 952 541 1030 iudico,
565 951 734 1036 vitiumque
764 952 841 1017 mihi
869 945 1011 1018 1111ναι
1035 953 1127 1016 111010
1145 952 1275 1018 videtur.
1301 952 1441 1024 Quodsi

319 1065 481 1152 corrigitur
509 1065 629 1130 tollitur
659 1065 751 1130 simul
780 1088 842 1131 non
864 1065 1026 1131 admodum
1055 1071 1140 1150 grata
1165 1068 1196 1129 et
1225 1064 1311 1130 valde
1341 1065 1442 1130 ieiuna

318 1180 453 1246 eiusdem
476 1177 561 1244 verbi
591 1179 711 1243 iteratio
742 1179 774 1243 in
796 1179 860 1244 his:
892 1181 950 1244 ἵνα
977 1183 1020 1260 μὴ
1047 1178 1330 1263 εὐκαταφρόνητος
1354 1172 1440 1244 εἶναι

314 1291 411 1377 δόξῃ,
437 1299 506 1378 post
529 1313 605 1377 quae
627 1292 730 1357 statim
753 1293 853 1378 sequi:
878 1293 936 1357 ἵνα
959 1297 1001 1375 μὴ
1017 1295 1061 1366 ὡς
1081 1290 1234 1374 πολέμιος
1247 1285 1331 1357 εἶναι
1346 1292 1439 1376 δοκῇ,

319 1404 472 1491 probabile
502 1426 565 1468 non
594 1411 640 1468 est
670 1404 704 1469 in
740 1411 870 1484 11101010,
904 1407 976 1472 satis
1008 1406 1121 1472 Graece
1151 1406 1301 1472 scribendi
1334 1407 1441 1493 perito,

319 1517 416 1604 qualis
437 1523 540 1581 noster
562 1515 722 1582 scholiasta
740 1518 805 1582 sine
828 1518 921 1583 dubio
944 1525 999 1597 est,
1024 1519 1077 1603 qui
1104 1526 1208 1584 contra
1229 1517 1332 1582 dedita
1353 1540 1443 1604 opera

319 1631 494 1698 1011011101
516 1631 677 1717 quaesiisse
698 1631 827 1698 videtur.
851 1634 960 1718 Itaque
983 1654 1037 1720 pro
1060 1625 1146 1698 εἶναι
1168 1633 1236 1718 lego
1257 1630 1356 1709 ἰέναι,
1379 1631 1438 1696 ita:

321 1748 378 1812 aa
400 1750 442 1828 μὴ
466 1747 510 1819 otc
533 1743 686 1827 πολέμιος
712 1747 723 1806 ι’
731 1745 826 1810 έναι
852 1745 944 1830 δοκῇ,
970 1768 1030 1831 qno
1051 1747 1130 1810 facto
1153 1745 1271 1810 tollitur
1289 1745 1442 1831 repetitio-

320 1861 368 1925 nis
391 1859 514 1936 crimen,
539 1858 682 1923 scribitur
703 1858 829 1924 verbum
852 1859 896 1924 rei
917 1866 1043 1925 naturae
1065 1859 1162 1923 multo
1184 1859 1283 1944 aptius
1306 1858 1443 1942 0101ςηί-

250 2017 253 2024 .
320 1972 468 2049 ficantius,
500 1971 622 2035 tandem
651 1971 727 2035 illud
758 1973 801 2045 ὡς
833 1993 895 2036 101
917 1971 1045 2057 amplius
1075 1973 1200 2037 moleste
1223 1970 1367 2048 abundat,
1391 1971 1443 2035 sed

320 2082 411 2148 habet
433 2106 493 2167 qno
516 2089 596 2146 recte
618 2083 771 2146 referatur.
801 2083 886 2147 Haec
905 2085 930 2149 01
948 2083 1144 2170 probabiliter
1163 2083 1324 2171 disputavi,
1348 2106 1444 2148 unum

322 2197 430 2262 sustuli
462 2196 581 2274 vitium,
613 2197 665 2261 sed
695 2201 808 2262 restant
838 2199 899 2264 duo
929 2199 987 2264 alia
1014 2199 1147 2278 1111110111,
1176 2224 1252 2286 quae
1275 2201 1383 2280 videbo
1406 2225 1444 2267 an

321 2310 448 2376 secando
479 2332 583 2375 sanare
613 2310 734 2397 possim.
758 2312 878 2398 Nempe
901 2312 934 2376 in
964 2312 1027 2378 bis:
1053 2317 1111 2379 τὸν
1136 2313 1171 2377 δὲ
1195 2313 1296 2380 α’σκὸν
1321 2318 1443 2380 οἰκεῖον

323 2423 454 2507 ἐφόδιον
479 2423 653 2509 λαμβάνει,
679 2428 735 2488 τὸν
760 2417 865 2503 οἶνον,
891 2428 970 2509 πρὸς
995 2428 1205 2507 ποιμενικοδς
1230 2429 1285 2490 καὶ
1309 2427 1443 2510 άγρίονς

322 2538 461 2623 ἄνδρας,
496 2544 532 2602 11
562 2537 623 2603 iam
646 2537 813 2623 significavi
835 2561 933 2626 supra,
966 2538 1056 2604 verba
1084 2543 1140 2604 τὸν
1166 2533 1257 2606 οἶνον
1280 2547 1359 2606 stare
1381 2564 1443 2607 non

322 2660 456 2742 possunt,
488 2674 550 2717 non
580 2651 688 2730 solum,
719 2651 791 2738 quia
821 2675 908 2718 nemo
940 2653 977 2718 ad
1008 2656 1066 2721 τὸν
1089 2651 1190 2743 Ιοἷσκόν
1214 2653 1444 2740 explicationem

323 2767 449 2852 quaerit,
480 2766 533 2830 sed
562 2765 633 2852 quia
663 2772 801 2852 separant
823 2788 868 2846 ea,
900 2789 976 2851 quae
1006 2767 1136 2855 separari
1156 2766 1240 2831 nullo
1263 2767 1353 2832 modo
1376 2791 1445 2854 pos-

323 2887 404 2958 sunt,
433 2879 493 2945 nisi
520 2879 587 2964 quis
610 2869 710 2966 neget,
734 2882 792 2946 τὸν
819 2879 920 2948 α’σκὸν
943 2882 1108 2946 οἰκεῖον
1131 2879 1262 2962 ἐφόδιον
1285 2878 1444 2966 λαμβάνει

324 2997 403 3077 πρὸς
427 2993 636 3074 ποιμενικοδς
661 2990 800 3077 ἄνδρας,
824 3029 869 3040 -
891 2994 924 3057 in
951 2992 1061 3078 quibus
1084 2997 1163 3078 πρὸς
1186 2994 1351 3060 necessario
1373 3017 1446 3080 pen-

323 3108 375 3171 det
404 3105 442 3171 ab
472 3103 620 3170 adiectivo
642 3107 774 3188 οἰκεῖον,
796 3112 833 3170 ut
855 3105 957 3170 statim
981 3112 1050 3192 post
1072 3129 1110 3170 ex
1137 3107 1211 3178 HQ.
1236 3109 1366 3180 εἰκότως
1389 3110 1444 3171 καὶ

326 3220 395 3305 (leg.
420 3217 480 3306 ὥς)
511 3219 590 3301 πρὸς
614 3215 770 3298 ποιμένας
794 3217 903 3284 ἀπιὼν
933 3217 1058 3299 ἄλφιτα
1083 3213 1249 3287 calniaco
1276 3220 1442 3306 βαστάζει.

324 3325 388 3416 εἶχε
413 3329 447 3394 δὲ
473 3334 529 3394 καὶ
550 3334 609 3396 τὸν
633 3333 799 3397 οἰκεῖον
823 3328 920 3408 λόγον
941 3336 1043 3414 πρὸς
1063 3335 1171 3396 πειθώ
1192 3341 1260 3412 010,
1281 3336 1445 3401 010111ιῖον

326 3443 471 3528 ἐφόδιον,
505 3451 540 3509 11
571 3443 604 3508 11
632 3443 773 3511 omnibus
803 3445 912 3522 verbis,
949 3467 1025 3530 quae
1056 3445 1207 3534 duplicem
1242 3449 1446 3513 accusativum

326 3559 505 3637 adsciscunt,
530 3557 563 3623 in
581 3557 775 3643 grammatica
793 3560 1016 3626 constructione
1033 3567 1102 3647 post
1121 3558 1279 3645 λαμβάνει
1301 3561 1446 3626 collocan-

325 3677 399 3740 dum
430 3681 485 3752 est,
508 3710 554 3721 -
576 3673 645 3751 nisi,
676 3673 810 3758 inquam,
842 3674 909 3759 quis
939 3680 1038 3758 neget,
1063 3675 1135 3738 haec
1157 3673 1200 3738 ita
1223 3673 1387 3752 cohaerere,
1411 3681 1447 3740 111

324 3789 442 3855 nullum
472 3788 652 3854 vocabulum
682 3788 894 3875 interpositum
917 3787 1079 3873 patiantur.
1108 3787 1228 3852 Deinde
1250 3787 1361 3852 multos
1384 3811 1448 3854 esse

325 3903 470 3991 suspicor,
493 3903 547 3988 qui
567 3924 685 3967 mecum
695 3923 758 3966 non
776 3901 957 3985 intelligant,
981 3901 1056 3983 quid
1078 3901 1119 3966 sit
1142 3899 1160 3963 δ
1171 3903 1212 3963 ιὰ
1232 3901 1272 3964 τί
1292 3892 1350 3969 οὖν
1362 3909 1447 3968 κινεῖ

328 4020 386 4084 τὸν
410 4015 570 4081 Ὀδνσσέα
595 4018 674 4100 πρὸς
693 4019 730 4078 τὸ
752 4019 794 4094 μὴ
818 4018 995 4092 πεισθῆναι
1019 4017 1087 4087 τοῖς
1107 4015 1263 4099 ἑταίροιςς
1283 4021 1351 4093 010,
1372 4015 1447 4098 quid

325 4131 366 4196 sit
390 4131 430 4193 τί
453 4121 511 4200 cdv
536 4135 621 4196 κινεῖ
645 4131 722 4206 art,
750 4127 864 4193 nemini
883 4148 944 4190 non
967 4132 1013 4190 est
1035 4132 1171 4213 apertum
1193 4131 1224 4192 et
1246 4127 1451 4214 perspicuum.

325 4244 433 4308 Restat
456 4248 598 4329 quartum
620 4241 750 4307 vitium:
776 4238 874 4314 αὐτὸς
899 4238 933 4303 δὲ
958 4238 1144 4325 παρέστη
1169 4244 1224 4304 καὶ
1248 4239 1284 4304 οὐ
1304 4239 1448 4324 προπέμ-

327 4382 394 4435 πει,
428 4377 505 4440 quae
535 4353 703 4440 significare
735 4353 856 4431 debent,
882 4353 967 4441 „ipse
990 4354 1074 4419 adest
1095 4377 1151 4420 nec
1172 4353 1246 4419 alios
1269 4355 1446 4441 praemittit,

327 4491 365 4534 ne
384 4468 571 4534 Phaeacibus
589 4467 802 4533 formidolosus
820 4465 989 4546 videatur,''
1012 4491 1073 4533 non
1093 4469 1125 4533 id
1144 4467 1315 4553 significant
1336 4476 1447 4547 autem,

329 4583 403 4668 quia
434 4587 642 4667 παραστῆναι
673 4587 720 4646 est
750 4579 889 4664 „adstare
919 4582 985 4662 alc,
1008 4582 1180 4660 adiuvare,''
1208 4603 1270 4646 non
1293 4582 1449 4664 „adessa”
