3442 5330
834 658 874 715 25

299 846 336 900 θ.
368 845 416 904 75.
451 843 504 904 καὶ
531 839 569 920 δὴ
595 843 706 924 παρὰ
731 844 860 904 πότον
885 838 1129 926 διαλεχθέντων
1155 841 1334 917 Ὀδυσσέως
1359 847 1413 906 καὶ

293 953 489 1038 Ἀχιλλέως,
522 955 688 1040 inquibus
712 956 814 1039 Majus
837 955 965 1019 retinuit
986 956 1149 1020 ridiculum
1172 957 1284 1021 codicis
1307 958 1416 1021 vitium

292 1071 381 1150 παρὰ
405 1073 563 1132 πόντον
591 1071 626 1154 ¹).
653 1069 740 1139 Quae
760 1090 854 1152 quum
873 1069 916 1133 ita
939 1073 1048 1147 essent,
1076 1077 1176 1134 tamen
1199 1070 1414 1147 Buttmannus‚

289 1188 328 1244 ut
350 1188 413 1246 erat
434 1204 496 1245 non
520 1182 617 1247 solum
641 1204 745 1266 graeco
769 1181 972 1260 doctissimus,
999 1184 1051 1246 sed
1071 1184 1161 1247 etiam
1174 1184 1321 1268 singulari
1333 1207 1416 1270 prae-

290 1294 374 1359 ditus
404 1296 562 1381 pmdentia
590 1302 622 1359 et
645 1295 818 1381 sagacitate,
842 1296 933 1360 talem
955 1296 1058 1360 emisit
1081 1297 1255 1374 editionem,
1280 1320 1365 1381 quae,
1390 1299 1417 1362 si

292 1415 458 1492 spectemus
481 1408 695 1487 subsidiorum,
714 1408 825 1492 quibus
845 1410 892 1472 uti
912 1411 1021 1494 potuit,
1035 1410 1248 1488 conditionem,
1261 1433 1415 1495 nunquam

291 1545 345 1607 pro
376 1523 492 1586 meritis
520 1523 593 1587 satis
615 1521 798 1587 laudabitur.
825 1522 967 1588 Testatur
990 1523 1022 1586 id
1044 1524 1151 1607 ingens
1174 1546 1315 1588 numerus
1337 1525 1415 1610 opti-

291 1658 406 1699 mamm
429 1636 683 1714 emendationum,
700 1657 835 1720 vquarum
859 1658 999 1720 magnam
1022 1644 1137 1722 partem
1157 1637 1294 1702 meliores
1314 1645 1416 1722 postea

292 1749 409 1813 codices
438 1750 662 1827 confirmarunt,
688 1771 824 1833 quaeque
847 1771 950 1813 omnes
974 1750 1036 1813 fere
1059 1772 1075 1812 1
1097 1749 1255 1814 Dindorfio
1282 1751 1415 1814 1111111-

291 1869 393 1948 ceptae
424 1870 511 1941 sunt;
542 1886 598 1928 neo
628 1863 729 1927 minus
759 1869 849 1927 notae
883 1862 1038 1949 plurimae,
1071 1863 1175 1935 breves
1206 1864 1339 1947 quidem,
1363 1866 1415 1929 sed

291 1973 413 2060 optimis
443 1975 542 2053 rebus,
574 1977 612 2040 ad
643 1976 826 2040 scholiorum
857 1975 1086 2062 explicationem
1115 1977 1345 2063 pertinentibus,
1370 2000 1415 2043 re-

290 2090 393 2164 fertae,
425 2112 498 2173 quas
520 2098 552 2153 et
574 2090 654 2175 ipsas
678 2089 800 2176 repetiit
822 2089 1009 2184 Dindorfius‚
1035 2090 1164 2175 plurima
1185 2091 1324 2176 probans,
1349 2112 1414 2156 raro

289 2209 408 2266 tantum
431 2202 611 2267 dissentiens
636 2205 672 2288 ²).
705 2203 788 2266 Nam
807 2203 894 2288 pauci
918 2203 1080 2268 admodum
1103 2204 1162 2268 loci
1185 2211 1266 2281 sunt,
1290 2205 1323 2268 in
1347 2205 1415 2287 qni-

290 2314 347 2379 bus
358 2315 574 2394 Buttmannus‚
586 2353 631 2363 —
643 2316 742 2381 dicam
760 2316 860 2380 verbis
878 2316 999 2381 Lehrsii
1011 2317 1049 2381 de
1062 2317 1247 2395 Aristarcho,
1262 2340 1289 2403 p.
1305 2319 1357 2381 17.
1371 2354 1414 2364 -

293 2452 367 2510 „sua
398 2430 461 2515 ipse
494 2430 592 2495 effecit
622 2429 813 2516 praestantia,
846 2437 881 2493 ut
911 2452 979 2494 vere
1003 2429 1051 2493 sui
1074 2430 1230 2495 dissimilis
1253 2430 1345 2495 fuisso
1368 2431 1415 2493 di-

291 2543 403 2608 cendus
434 2542 505 2608 sit.''
537 2545 585 2607 Ex
616 2566 651 2608 eo
682 2550 783 2608 tamen
813 2565 922 2627 genere
949 2543 1095 2626 quaedam
1119 2550 1198 2620 sunt,
1224 2565 1299 2626 quae
1322 2543 1414 2607 etiam
1498 2573 1502 2580 ·

290 2657 465 2722 Dindorfius
497 2657 618 2743 recepit,
651 2655 823 2739 dequibus
846 2656 921 2720 mihi
944 2678 1026 2719 nuno
1049 2656 1198 2740 agendum
1222 2679 1286 2719 esse
1310 2657 1413 2732 statui,

290 2792 351 2834 non
373 2777 408 2834 111
431 2771 533 2835 odiose
557 2771 775 2855 conquirerem,
799 2768 969 2852 exquibus
993 2776 1155 2854 appareret,
1180 2768 1279 2833 virum
1299 2775 1413 2833 caetera

289 2883 565 2968 ingeniosissimum
596 2885 688 2949 etiam
715 2884 749 2947 in
779 2882 933 2948 nonnullis
956 2882 1126 2968 impegisse,
1152 2883 1204 2946 sed
1227 2881 1320 2946 uehi
1343 2883 1412 2961 loei,

290 2997 399 3061 eximia
429 2997 590 3082 sagacitate
621 2997 760 3082 expositi,
792 3003 883 3080 atque
913 3018 1022 3080 magna
1052 2995 1203 3060 Dindorfii
1235 2997 1413 3060 auctoritate

289 3110 412 3194 insuper
443 3109 579 3187 stabiliti,
620 3110 818 3174 incautiorem
848 3109 990 3174 lectorem
1022 3109 1055 3173 in
1094 3132 1223 3174 errorem
1256 3110 1411 3174 inducant.
1485 3162 1488 3167 .

288 3223 326 3286 In
350 3222 552 3309 superioribus
577 3245 672 3286 unum
695 3222 756 3286 iam
778 3222 868 3306 tetigi
890 3223 981 3288 huius
1004 3223 1047 3287 111
1067 3223 1247 3309 exemplum,
1268 3230 1346 3310 post,
1358 3223 1410 3288 ubi

321 3508 338 3568 ¹)
361 3508 440 3558 Habet
461 3507 519 3557 illud
541 3506 642 3556 πόντον
666 3510 744 3558 tamen
766 3510 790 3558 st
813 3508 962 3568 Halaesus,
986 3508 1005 3557 si
1029 3509 1140 3558 Gramero
1164 3508 1219 3558 fides
1241 3506 1347 3558 habenda
1369 3511 1412 3558 est.

286 3585 400 3661 (Cramer.
418 3599 505 3650 Ansod.
523 3599 599 3648 Paris.
617 3615 642 3664 p.
660 3602 729 3660 454.)

319 3689 339 3752 ς)
357 3691 397 3740 Sic
413 3707 436 3742 v.
455 3706 475 3741 a.
493 3691 543 3742 iure
560 3691 661 3741 damme
678 3691 857 3749 Buttmannum‚
874 3690 903 3739 ed
919 3689 945 3740 δ.
961 3690 1018 3738 248.
1035 3689 1071 3738 οὐ
1089 3687 1255 3744 κυκλικῶς
1270 3687 1301 3736 τό
1319 3689 1409 3752 Δέκτῃ

287 3781 450 3842 ὀνοματικῶς
468 3783 572 3842 ἀκούει,
590 3783 654 3848 παρ’
673 3766 704 3830 οὗ
723 3796 785 3847 φησι
804 3781 850 3828 τὸν
868 3778 1004 3828 Ὀδυσσέα
1021 3782 1056 3828 τὰ
1075 3778 1143 3843 ῥάκη
1162 3778 1287 3838 λαβόντα
1305 3797 1409 3844 μετημ-

285 3873 410 3929 φιάσθαι,
419 3872 552 3922 dubitanter
561 3871 690 3929 κυκλικῶς
697 3873 722 3923 in
732 3873 822 3938 κυρίως
832 3872 968 3920 mutantem.
979 3869 1262 3933 ἲ,11111111111111111111(οὐ
1272 3868 1411 3930 κυκλικῶς)
1458 3919 1464 3930 ,

285 3966 347 4013 rests
359 3964 524 4028 interpretetus
537 3965 571 4014 est
585 3963 746 4014 Heinrichius.
764 3988 838 4000 --
853 3962 884 4011 In
898 3961 1015 4026 superiore
1030 3977 1083 4012 varo
1098 3960 1185 4012 scholio
1199 3961 1227 4010 ad
1245 3960 1273 4008 d.
1283 3963 1339 4019 248,
1349 3961 1408 4010 1111-

285 4053 380 4104 brorum
403 4055 532 4119 scripturae
555 4056 578 4104 et
601 4054 651 4119 ipsa
669 4053 804 4104 scholiastae
822 4052 892 4103 verbs
908 4053 1032 4103 ostendunt
1049 4067 1126 4102 veram
1144 4052 1283 4116 scripturam
1300 4069 1346 4102 esse
1362 4068 1409 4101 non

285 4145 315 4194 ου’
336 4143 472 4208 κυκλικῶς,
491 4141 552 4208 quod
569 4145 594 4193 in
611 4161 655 4194 uno
672 4144 733 4195 libro
749 4144 835 4209 legitur
853 4143 1029 4203 Mediolanensi,
1047 4143 1085 4193 sed
1104 4141 1117 4189 ὁ
1135 4141 1265 4204 κυκλικὸς,
1282 4158 1352 4206 quum
1368 4159 1407 4192 ne-

285 4237 382 4286 cessario
400 4235 449 4286 illic
465 4235 630 4302 grammaticus
648 4234 733 4300 aliquis
751 4263 784 4272 -
802 4263 834 4270 -
851 4235 1004 4302 designandus
1021 4233 1059 4292 sit,
1079 4235 1118 4296 qai
1136 4233 1205 4282 aliam
1220 4248 1290 4296 quam
1305 4233 1407 4284 Aristar·

284 4328 340 4378 ebus
363 4327 579 4393 interpretationem
601 4326 775 4392 proposuerit.”
798 4327 900 4376 Dindorf
919 4327 942 4374 in
967 4328 1023 4374 nota
1039 4326 1068 4374 ad
1086 4343 1110 4389 η.
1131 4326 1186 4382 lle,
1206 4340 1259 4389 pag.
1279 4326 1325 4374 335
1344 4342 1407 4391 seqq.

285 4417 332 4482 ,‘0
350 4418 473 4474 κυκλικὸς
490 4420 552 4468 reete
569 4417 614 4482 legi
632 4417 723 4468 videtur
742 4419 766 4466 in
785 4418 841 4465 ΜΤ.
860 4418 890 4466 In
908 4418 934 4466 H
951 4419 986 4466 est
1003 4417 1034 4465 οὐ
1055 4415 1185 4478 aalma,
1204 4417 1360 4483 superscripto
1376 4419 1408 4474 ῶς

284 4509 309 4570 (i.
331 4525 351 4558 1.
375 4507 541 4569 κυκλικῶς),”
563 4513 673 4559 monente
698 4508 769 4557 Dind.
795 4508 873 4557 Prasf.
898 4521 933 4557 nn
957 4507 985 4556 ad
1006 4523 1030 4572 p.
1051 4509 1106 4561 197.
1125 4508 1171 4565 24;
1195 4510 1256 4572 apud
1273 4510 1409 4562 Cramerum

282 4599 345 4649 nulla
360 4599 480 4651 diversitas
496 4601 589 4649 11111111
605 4603 647 4648 est.
813 4599 815 4602 ’
