3454 5330
803 635 843 694 61

259 814 425 900 permultae
465 822 538 880 sunt
574 814 748 901 ingeniosae
781 815 819 879 ad
851 823 954 881 nostra
987 817 1107 883 Scholia
1140 817 1374 897 emendationes,

260 926 361 1014 δίχα
393 927 643 1011 δισταγμυῦ,
674 929 757 1014 quod
786 929 894 994 merito
925 930 1037 1016 recepit
1056 930 1242 996 Dindorfins.
1267 932 1318 996 Sic
1341 933 1379 997 ad

258 1069 293 1122 μ.
324 1046 376 1106 84.
408 1043 445 1107 de
477 1043 576 1128 Scylla
606 1052 636 1108 et
659 1041 811 1128 Charybdi
834 1065 904 1130 pro:
938 1049 958 1125 ἡ
982 1042 1016 1106 δὲ
1040 1043 1119 1126 μέση
1144 1042 1301 1108 δεδυκυῒα
1325 1049 1381 1108 τοῦ

260 1153 475 1239 σπηλαίου
507 1164 563 1221 etc.
588 1179 625 1221 ex
649 1157 681 1220 H
705 1155 827 1239 „editur
849 1157 929 1242 apud
949 1155 1123 1222 Crumerum
1147 1156 1278 1237 λαίου,”
1302 1159 1384 1247 quod

260 1270 336 1353 quid
359 1269 408 1349 sit,
431 1271 571 1335 nesciunt
595 1293 706 1336 omncs.

305 1383 444 1448 Poteram
466 1384 539 1448 haec
562 1384 698 1471 exempla
720 1384 879 1470 permultis
902 1383 969 1450 aliis
988 1406 1106 1470 augere,
1128 1387 1179 1450 sed
1199 1385 1272 1451 satis
1284 1392 1384 1450 osten·

142 1513 145 1518 '
261 1498 339 1562 dunt
359 1499 446 1583 quale
465 1498 514 1577 sit,
537 1499 619 1582 quod
637 1497 671 1563 in
690 1498 738 1563 his
750 1499 900 1584 agendum
912 1505 1055 1585 superest,
1067 1520 1138 1563 nam
1149 1499 1280 1563 multum
1291 1500 1384 1577 abest,

263 1617 298 1674 ut
315 1612 416 1676 omnia
436 1611 645 1677 huiuscemodi
664 1612 726 1676 iam
746 1618 900 1698 praerepta
920 1612 990 1677 sint.
1011 1611 1050 1675 Id
1069 1618 1189 1677 tantum
1200 1613 1385 1677 monendum

260 1724 365 1804 habeo,
396 1725 450 1789 ubi
477 1725 536 1791 toti
558 1748 661 1791 versus
692 1729 778 1790 erant
807 1725 970 1803 inserendi,
1002 1747 1061 1803 me,
1091 1731 1130 1788 ‘ut
1152 1749 1189 1790 ex
1211 1726 1255 1790 rei
1278 1733 1386 1790 natura

261 1839 407 1925 sequitur,
430 1839 522 1906 verba
542 1840 608 1927 ipsa
624 1860 740 1926 semper
757 1845 906 1925 praestare
926 1861 988 1904 non
1007 1861 1102 1925 posse,
1123 1861 1158 1903 ac
1176 1839 1248 1904 satis
1266 1839 1375 1904 habere

261 1951 288 2017 si
319 1973 440 2018 sensum
470 1953 747 2038 sententiammque
768 1975 890 2031 nexum,
914 1953 967 2036 qui
991 1974 1076 2040 saepe
1099 1953 1244 2018 miserum
1265 1953 1299 2018 in
1321 1975 1386 2018 mo-

262 2066 336 2131 dum
353 2066 402 2132 his
424 2067 540 2131 lacunis
561 2066 754 2154 perturbatus
776 2071 832 2144 est,
856 2066 1005 2153 probabili
1029 2067 1119 2132 modo
1142 2068 1309 2134 restituero.

305 2180 460 2245 Lacunam
490 2180 711 2268 deprehendere
741 2179 816 2244 mihi
847 2179 952 2244 videor
988 2181 1021 2245 in
1052 2181 1145 2266 longo
1175 2187 1206 2245 et
1238 2180 1385 2266 impedito

262 2293 375 2358 scholio
405 2295 444 2358 ad
474 2317 506 2358 α.
543 2298 617 2373 215,
648 2294 701 2359 sed
727 2315 792 2359 eam
819 2293 966 2374 lacunam,
990 2317 1066 2380 quae
1089 2295 1177 2359 facile
1195 2295 1308 2382 expleri
1333 2319 1385 2381 po·

260 2414 330 2472 test.
363 2408 512 2474 Observat
540 2409 669 2486 Athena,
700 2406 914 2474 Telemachum
943 2409 1008 2474 sine
1030 2408 1124 2473 dnbio
1148 2409 1244 2496 ipsius
1268 2407 1385 2492 Ulyssis

263 2543 327 2585 csse
349 2521 456 2600 filium,
481 2522 531 2587 cui
554 2521 656 2586 omnia
679 2522 787 2587 similis
810 2529 872 2586 est:

374 2633 449 2698 αλλ’
472 2639 532 2714 ἄγε
556 2661 610 2719 μοι
635 2634 708 2700 τόδε
733 2637 802 2700 εἰπὲ
828 2639 883 2699 καὶ
905 2632 1064 2719 α’τρεκὲως
1088 2632 1267 2708 κατάλεξον
1315 2613 1318 2620 Δ

375 2751 403 2814 εἶ
426 2748 464 2831 δὴ
490 2750 524 2824 ἐξ
547 2749 660 2814 αὐτοῖο
684 2752 775 2824 τόσος
799 2755 877 2824 παῖς
903 2741 948 2823 εἷς
974 2746 1144 2829 Ὀδυσῆος.

263 2861 438 2950 Respondet
458 2862 673 2930 Telemachus:

372 2983 476 3063 μήτηρ
498 2977 559 3060 μέν
582 2984 613 3042 τ’
638 2976 692 3060 ἐμέ
716 3000 794 3061 φησι
817 2979 873 3041 τοῦ
898 2975 1045 3061 ἔμμεναι,
1065 2975 1175 3062 ἀὐτὰρ
1201 2975 1300 3056 ἔγωγε

375 3090 432 3155 οὐκ
457 3091 532 3156 οἶδ’.
559 3091 596 3156 οὐ
620 3097 681 3176 γάρ
705 3095 755 3155 πώ
780 3117 830 3166 τις
854 3092 909 3159 ἑόν
932 3097 1032 3170 μόνον
1057 3089 1156 3164 αὐτὸς
1179 3089 1317 3167 dolrem.

264 3203 359 3269 Dedit
380 3205 438 3271 hoc
460 3207 618 3272 insolitum
641 3205 813 3271 Telemachi
834 3228 1011 3293 responsum
1033 3205 1215 3271 uberrimam
1226 3203 1386 3270 dubitandi

264 3318 526 3407 dubitationcsque
557 3320 693 3386 solvendi
723 3326 792 3396 τοῖς
824 3317 971 3394 λυτικοῖς
1003 3320 1166 3386 materiam.
1200 3320 1228 3382 εἰ
1259 3316 1384 3402 μηδεὶς,

263 3431 416 3517 inquiunt,
448 3440 514 3500 τῶν
547 3432 756 3516 γεννωμένων
781 3434 863 3518 (mel.
888 3436 955 3502 τῶν
978 3431 1174 3516 γενομένων,
1199 3454 1269 3496 nam
1292 3431 1385 3517 parti-
1421 3422 1424 3426 ⁵

264 3546 343 3633 cipio
365 3549 526 3634 praeterito
549 3571 624 3634 opus
648 3553 718 3633 est.)
744 3546 884 3616 δόυαται
908 3549 1033 3624 γνῶμαι
1054 3547 1111 3613 τόν
1129 3543 1269 3628 πατέρα,
1283 3548 1388 3612 πόθεν

264 3665 285 3740 ἦ
307 3666 425 3737 γνῶσις
457 3668 525 3737 τοῖς
558 3664 651 3725 παισὶ
680 3664 736 3726 τοῦ
761 3664 898 3744 πατρὸς,·
919 3661 955 3722 τό
973 3661 1035 3742 γὰρ
1060 3664 1183 3742 ,μήτηρ
1206 3657 1267 3740 μέν
1289 3654 1324 3719 τέ
1348 3653 1387 3737 μέ

265 3796 341 3856 φησι
376 3777 431 3838 τοῦ
464 3775 610 3858 ἔμμεναι,
644 3774 779 3859 αὐτὰρ
811 3772 940 3852 ἔγωγε
967 3775 1039 3836 οὐκ
1065 3765 1161 3836 οἶδα
1183 3771 1291 3844 ὅπως
1314 3770 1388 3851 μὲν

267 3885 375 3972 ἐ’χη,”
401 3889 455 3952 ἐπὶ
478 3894 533 3952 τοῦ
559 3887 765 3974 Τηλεμάχου·
790 3889 843 3951 ὅτε
870 3889 932 3970 γὰρ
957 3884 1141 3969 ἀπεδήμησε
1166 3889 1244 3957 παῖς
1263 3877 1303 3963 ἦν
1323 3904 1388 3963 μα-

265 4000 323 4084 ζῴ,
349 4000 400 4064 διό
423 4007 523 4085 μόνου
544 4005 600 4066 τοῦ
621 4002 778 4086 ὀνόματος
792 4003 881 4085 παρὰ
905 4007 962 4082 τῆς
982 3999 1100 4083 μητρός
1118 3998 1244 4075 γίνεται
1265 3993 1388 4079 ἀκροα-

264 4119 334 4195 τὴς,
363 4115 492 4185 α’κοόωυ
520 4117 571 4179 ὅτι
602 4120 659 4181 τοῦ
691 4114 871 4189 Ὀδυσσέως
905 4116 972 4178 ε’στὶ
1001 4119 1091 4187 παῖς·
1125 4113 1153 4176 εἷ
1180 4109 1215 4173 δὲ
1241 4107 1388 4173 καθόλου

266 4229 324 4311 „od
357 4233 419 4315 γὰρ
444 4232 494 4293 πώ
523 4254 572 4304 τις
595 4234 649 4299 ἑόν
673 4234 771 4308 μόνον
802 4228 964 4308 οἰυέγυω,”
993 4233 1099 4296 πόθεν
1122 4231 1142 4308 ἡ
1165 4229 1297 4302 γνῶσις,Ι
1323 4221 1388 4286 ἔδει

265 4345 326 4426 γὰρ
359 4351 474 4427 φάναι,
509 4343 572 4422 ε’μὼ
604 4348 665 4430 γὰρ
699 4344 757 4409 οὐκ
791 4344 879 4416 εἶδον
902 4347 960 4414 τόν
983 4344 1214 4424 γεγεννηκότα,
1238 4335 1323 4400 atla
1346 4340 1387 4419 μὴ

266 4455 413 4522 καθόλου
444 4464 614 4522 ποιεῖσθαι
646 4463 706 4540 τὴν
737 4459 917 4542 ἀπόφασιν,
949 4457 992 4530 ὠς
1019 4453 1155 4538 μηδενός
1186 4452 1309 4526 εἰδότος
1332 4454 1390 4522 τόν

266 4569 366 4634 αὐτοῦ
390 4571 529 4657 πατέρα.
556 4572 640 4638 Haeo
662 4580 708 4639 est
731 4573 867 4660 ἀπορία,
894 4593 984 4657 quam
1006 4576 1103 4656 totam
1123 4567 1277 4656 adscripsi,
1296 4571 1332 4633 ut
1353 4589 1389 4632 ex
