3454 5330
916 671 957 733 70

375 857 555 926 vocabulum
587 853 723 943 sequitur
749 879 787 924 ex
820 855 881 930 BQ
903 855 1087 924 attritior:
1112 857 1365 943 εὐπεριόριστσν.
1390 893 1436 908 -·-
1459 897 1506 910 -—

254 1011 258 1022 ·
375 979 396 1055 ἤ
426 977 486 1054 τὴν
518 971 661 1057 εὐάερον,
692 963 729 1037 εὖ
757 977 815 1053 τῆς
844 969 920 1056 έλης
953 971 1105 1058 ἔχουσαν.
1139 972 1254 1038 ἔνιοι
1283 972 1326 1036 δέ
1351 997 1503 1056 φασιν,

377 1081 412 1156 εὖ
443 1088 521 1173 πρὸς
553 1089 613 1168 τὴν
637 1085 750 1170 δείλην
774 1085 940 1170 κειμένην·
968 1085 1060 1171 δείλη
1085 1091 1147 1173 γάρ
1170 1093 1191 1170 ἠ
1216 1087 1318 1168 δύσις,
1343 1096 1375 1154 et
1396 1088 1506 1154 iisdem

376 1205 438 1269 fere
456 1200 555 1270 verbis
573 1223 610 1268 ex
628 1200 742 1274 HPQs
762 1207 793 1267 et
811 1201 872 1266 Ms.
895 1200 1042 1268 Barnesii.
1060 1202 1098 1267 ad
1117 1203 1150 1287 β.
1166 1204 1240 1268 167.
1262 1201 1503 1288 εὐπεριόριστσν

374 1323 396 1399 ἡ·
420 1314 557 1398 εὔδηλον
582 1317 638 1379 καὶ
663 1315 822 1400 φανεράν,
847 1318 934 1380 καθὸ
959 1319 1054 1396 νῆσός
1075 1316 1176 1381 ἐστιν.
1198 1351 1298 1366 --
1317 1320 1410 1398 ἢτὴν
1423 1319 1503 1402 πρὸς

376 1428 470 1495 triow
502 1430 558 1492 καὶ
585 1417 703 1513 Ιδείλην
737 1428 890 1513 κειμένην
922 1435 979 1495 eto.
1012 1429 1158 1516 Sequitur
1180 1429 1218 1496 acl
1240 1435 1379 1496 nostrum
1401 1431 1503 1496 locum

374 1544 457 1611 idem
478 1541 613 1610 scholion
635 1543 727 1610 etiam
750 1543 783 1609 iu
805 1543 907 1609 Msro.
931 1542 1134 1610 Barnesiano:
1159 1548 1180 1626 ἤ
1203 1569 1253 1610 τοι
1274 1545 1428 1630 ἐπιφανῆ,
1452 1544 1501 1634 (’)

375 1659 454 1743 πρὸς
477 1660 538 1740 τὴν
562 1654 674 1742 ’δείλην
699 1656 891 1745 κειμένη(ν).
906 1659 940 1723 εἰ
960 1657 994 1722 δὲ
1016 1659 1165 1741 σημαίνει
1183 1662 1243 1740 τὴν
1258 1661 1429 1744 εὔκρατον,
1445 1657 1503 1724 δα-

375 1775 507 1838 σύνεται
532 1770 672 1857 α’νάγκη.
699 1771 839 1861 (melius
866 1770 1068 1838 δασύνεσθαι
1093 1771 1252 1864 ἀνάγκη.)
1276 1771 1334 1857 ’έλη
1359 1772 1395 1862 (l.
1417 1772 1501 1862 εἵλη)

375 1892 436 1971 γάρ
460 1889 549 1952 ἐστιν
573 1892 594 1967 η
616 1889 673 1950 τοῦ
692 1883 789 1967 vitice
813 1883 909 1966 αὐγή.
931 1886 974 1952 lit
991 1885 1041 1952 hic
1060 1889 1081 1967 ἤ
1098 1887 1294 1953 inserendum
1312 1889 1503 1954 estetetiam

375 1999 471 2086 magis
499 1999 709 2082 necessarium,
741 1999 885 2084 quoniam
914 2022 951 2065 ex
983 2001 1143 2084 constanti,
1172 2008 1322 2086 quantum
1344 2001 1503 2068 observare

375 2113 472 2200 potui,
501 2112 728 2178 scholiastarum
760 2114 978 2180 consuetudine
1007 2119 1028 2195 ἤ
1050 2139 1101 2179 τοι
1126 2117 1307 2202 respondens
1330 2115 1388 2182 sibi
1410 2115 1503 2182 habet

374 2227 408 2291 in
430 2226 562 2292 secundo
584 2225 720 2292 membro
742 2228 774 2306 ἦ.
807 2225 870 2292 Cur
891 2231 912 2308 ἤ
934 2233 965 2292 et
987 2227 1020 2293 in
1043 2228 1070 2292 Τ
1094 2235 1125 2294 et
1147 2229 1181 2294 in
1202 2229 1295 2294 Maro
1317 2229 1502 2296 Barnesiauo
1598 2281 1605 2291 .

377 2340 531 2420 exciderit,
555 2340 632 2407 ratio
651 2340 684 2406 in
703 2347 845 2428 promptu
864 2347 919 2408 eat.
940 2343 1060 2430 Nempe
1078 2343 1187 2409 rnltima
1197 2343 1286 2409 litera
1296 2343 1501 2430 praecedentis

375 2454 515 2522 vocabuli
538 2453 711 2545 (ἐπιφανῆ)
735 2455 769 2522 id
790 2454 948 2543 absorpsit.

418 2569 524 2657 Pergit
552 2591 673 2636 narrare
702 2568 836 2655 Ulysses
865 2570 1026 2656 quomodo,
1050 2576 1221 2657 expugnata
1244 2569 1392 2636 Ciconum
1413 2569 1498 2648 urbe,

372 2685 503 2751 secundo
533 2689 624 2751 vento
653 2683 686 2750 in
719 2683 847 2771 patriam
876 2683 986 2750 reverti
1012 2684 1168 2771 potuisset,
1192 2683 1252 2751 nisi
1276 2685 1426 2750 fluctuum
1449 2684 1498 2750 vis

373 2821 443 2863 eum
466 2820 483 2863 a
506 2795 637 2884 Cythera
660 2795 831 2864 deiecisset:

463 2910 520 2973 καί
544 2915 587 2976 νά
608 2935 664 2976 κεν
689 2909 838 2995 ἀσκηθὴς
862 2911 978 2994 ἱκόμην
1003 2912 1034 2985 ές
1058 2909 1205 2996 πατρίδα
1228 2915 1343 2990 γαῖαν,

463 3019 548 3086 etta
568 3047 608 3103 με
632 3025 717 3106 κῦμα
742 3025 815 3109 ῥόος
838 3049 873 3088 τε
897 3031 1188 3110 περιγνάμπτοντα
1211 3023 1369 3090 Μάλειαν

463 3136 519 3199 καὶ
544 3133 672 3220 Βορέης
695 3135 831 3216 σίπέασε,
856 3135 1087 3222 παρέπλαγξεν
1113 3137 1147 3203 δέ
1172 3144 1350 3224 Κυθήρων.
1374 3137 1413 3229 (ι.
1430 3140 1496 3224 79).

371 3250 422 3315 Ad
443 3248 499 3315 hos
520 3270 624 3316 versus
646 3271 716 3315 vera
737 3256 784 3316 est
805 3255 836 3316 et
859 3256 948 3316 acuta
969 3251 1146 3318 scholiastae
1168 3253 1346 3332 observatio,
1369 3254 1422 3318 scd
1445 3277 1498 3319 va·

372 3363 426 3428 riis
446 3362 545 3429 modis
567 3361 698 3428 turbata.
719 3369 811 3448 τηρεῖ
829 3365 873 3438 ὥς
876 3410 940 3428 .....
960 3366 1077 3448 μικρὸν
1097 3372 1137 3450 τῇ
1157 3365 1497 3451 σατηρίᾳτοῦὌδνσ-
1584 3345 1586 3348 ¹

373 3477 461 3554 σέας.
495 3478 550 3542 καὶ
580 3479 642 3562 γάρ
675 3476 860 3562 ἔμπροσθεν
892 3478 957 3544 α’πό
989 3479 1171 3566 Καλυψοῦς
1200 3479 1337 3547 πλέοντι
1358 3488 1414 3562 τῆς
1437 3488 1496 3563 γῆς

372 3597 409 3680 πὸ
434 3598 595 3671 ναυάγιον
624 3593 822 3672 ἐπιγίνεται,
848 3595 904 3658 καὶ
928 3591 1001 3676 ἑξῆς
1025 3593 1087 3679 ἤδη
1110 3599 1170 3676 τὴν
1194 3599 1339 3678 Ἰθάκην
1362 3598 1493 3678 ὁρῶντι,

371 3709 425 3772 ὅτε
448 3712 526 3793 παρ’
549 3704 681 3771 Αἰόλον
705 3703 885 3772 πλεάσαντι
909 3705 1070 3773 ἐπέθεντο
1094 3708 1126 3771 οἱ
1149 3710 1284 3790 ἑταῖροι.
1309 3708 1349 3772 In
1371 3707 1494 3794 primis-t

372 3826 464 3907 τηρεῖ
485 3822 582 3897 oie...
606 3800 722 3907 μικρὸν
747 3828 788 3905 τῇ
811 3822 952 3906 σωτηρία
973 3823 1029 3886 τοῦ
1049 3819 1243 3900 Ὀδυσσέως,
1263 3820 1497 3888 haeesententia

370 3937 467 4002 inesse
490 3933 596 4001 debet:
620 3934 754 4014 observa,
777 3957 869 4020 quam
891 3955 997 4022 parum
1015 3932 1139 4019 Ulysses
1159 3957 1274 4022 semper
1292 3959 1310 4000 a
1329 3935 1424 4001 salute
1441 3935 1496 4001 ab·

371 4049 473 4116 fixerit.
504 4048 566 4114 Sed
595 4048 669 4134 qnid
692 4046 865 4114 addendum
892 4054 948 4127 cst,
971 4053 1007 4112 ut
1026 4069 1063 4112 ex
1085 4048 1185 4115 verbis
1208 4049 1322 4128 laesus,
1345 4071 1421 4136 qnee
1442 4072 1496 4137 ap-

372 4162 469 4250 posui,
503 4162 577 4228 hoec
611 4160 760 4228 sententia
796 4159 933 4225 eluceat?
970 4158 1105 4228 Candide
1139 4163 1243 4241 fateor,
1277 4185 1326 4229 me
1355 4163 1413 4229 hoo
1441 4186 1496 4230 ue-

371 4276 455 4342 scire.
490 4274 645 4340 Discimus
668 4274 791 4360 quidem
821 4296 858 4338 ex
888 4276 968 4362 App.
998 4298 1027 4363 p.
1056 4277 1129 4341 777.
1162 4277 1338 4359 „literarum
1368 4278 1493 4365 aliquot,

370 4412 447 4476 quae
469 4389 502 4456 iu
525 4387 552 4452 Τ
575 4388 656 4456 inter
677 4389 720 4463 ὥς
745 4395 776 4454 et
798 4388 914 4472 μικρὸν
938 4388 1114 4456 obliteratae
1136 4399 1209 4457 sunt
1227 4398 1288 4457 tres
1307 4391 1421 4479 primae
1441 4391 1493 4458 διο

370 4510 451 4568 sunt.
476 4502 557 4569 Tum
578 4501 717 4588 seqrritur
739 4501 843 4581 π...,”
867 4503 919 4568 sed
940 4503 1059 4570 nullum
1083 4503 1159 4570 mihi
1182 4504 1312 4591 contigit
1333 4505 1404 4571 inde
1427 4527 1494 4572 ver-

366 4613 441 4684 bum
481 4614 596 4694 elicere,
638 4615 721 4702 quod
761 4616 927 4690 ostentae
967 4625 998 4688 et
1034 4617 1189 4690 literarum
1223 4618 1366 4690 ductibus
1400 4619 1492 4694 nmo]
