3454 5330
804 656 845 718 53

268 838 412 926 praebuit.
446 837 629 904 Dubitatum
661 846 715 918 cst,
749 831 909 926 inquiunt,
937 841 1089 925 quomodo
1120 839 1271 906 Homerus
1302 861 1393 905 unam

268 952 451 1037 eandemque
479 973 645 1039 personam,
669 953 841 1020 Mentorem
863 976 980 1042 nempe,
1005 955 1148 1020 inducere
1171 955 1276 1042 possit,
1302 979 1392 1043 supra

268 1069 417 1134 dicentem
449 1071 519 1152 ῥεῖα
549 1071 624 1142 θεός
648 1075 680 1146 γ’
706 1067 832 1132 ἐθέλων
856 1075 923 1146 ctc,
954 1092 1035 1134 nunc
1058 1076 1160 1134 autem
1182 1069 1390 1148 declarantem,

267 1205 305 1247 ne
327 1182 397 1247 deos
422 1181 543 1266 quidem
566 1188 693 1246 mortem
715 1204 772 1246 nec
795 1181 832 1246 ab
855 1182 977 1248 homine
999 1183 1038 1247 iis
1058 1181 1253 1248 dilectissimo
1274 1185 1392 1270 propcl-

267 1295 327 1359 lere
356 1315 451 1381 posse.
486 1296 541 1357 κοιλ
572 1297 651 1379 πρός
675 1297 771 1358 τοῦτο
797 1297 903 1376 φαμέν
928 1296 978 1358 ὅτι
1004 1297 1021 1357 ὁ
1044 1297 1104 1375 μὲν
1129 1294 1280 1380 ἀνωτέρω
1304 1294 1389 1373 λέγει

268 1411 416 1490 τοιοῦτόν
449 1409 548 1492 ἔστιν,
580 1410 623 1481 ιὸς
656 1407 793 1482 εὐκόλως
824 1412 867 1473 ἂν
893 1413 1031 1474 σόισαιεν
1056 1411 1111 1472 καὶ
1137 1410 1201 1473 ἀπὸ
1224 1415 1390 1495 μακρόθεν

268 1523 299 1585 οἱ
330 1523 402 1585 θεολ
432 1522 469 1586 όν
500 1525 543 1586 όιν
576 1519 763 1607 βούλοιντο,
798 1524 862 1587 κάν
897 1525 932 1587 ἐν
964 1523 1121 1604 ἀφύκτοις
1145 1523 1273 1604 δεσμοῖς
1297 1551 1390 1607 περι-

268 1634 395 1720 έχηται,
428 1634 508 1718 μηόέ
541 1635 752 1720 πεπρωμένης
784 1637 880 1718 οὔσης
906 1644 962 1716 τής
986 1635 1106 1699 αὐτόθι
1131 1635 1281 1718 τελευτῆς
1307 1640 1391 1702 έκεέ-
1438 1625 1441 1640 ’

269 1773 337 1813 νου.
370 1786 415 1797 -—
445 1750 462 1811 ὁ
495 1747 529 1812 δέ
563 1750 780 1833 παρακατιὼν
811 1747 897 1827 λέγει
923 1752 1071 1813 τοιοῦτόν
1097 1751 1198 1828 ε’στιν,
1224 1749 1309 1813 ἀλλὰ
1333 1755 1389 1815 τόν

267 1863 390 1944 ὁμοίϊον
409 1866 577 1940 θάνατον,
599 1866 700 1942 ήγουν
725 1861 797 1949 (hoc
809 1862 868 1953 est)
888 1867 946 1928 τόν
959 1869 1061 1927 πᾶσιν
1073 1863 1189 1944 ὁμοίως
1203 1862 1388 1956 διδόμενον,

267 1974 334 2039 οὐδ’
360 1975 392 2038 οἱ
414 1978 487 2039 θεοὶ
507 1979 551 2040 ἄν
572 1975 812 2061 ἀποσοβήσειαν
835 1975 894 2058 ἀφ’
908 1962 946 2040 orl
959 1963 1144 2062 βούλοιντο,
1168 1975 1275 2039 ἀλλὰ
1297 1981 1391 2042 τότε

266 2094 427 2155 ὁπόταν
457 2087 477 2176 ᾖ
509 2088 790 2175 πεπρωμένον
823 2095 867 2154 τό
892 2089 1147 2172 τελευτήσαι
1172 2091 1316 2158 αὐτόν.
1343 2097 1392 2159 Ad

266 2205 372 2269 ultima
395 2203 486 2269 verba
506 2203 701 2269 Dindorfius:
728 2204 876 2284 „cratim”
904 2205 1015 2288 inquit,
1045 2227 1126 2285 „non
1149 2206 1275 2291 integra.
1300 2208 1391 2273 Exci-

267 2321 313 2386 dit
342 2317 478 2403 τελευτᾷ
509 2321 557 2384 vel
587 2317 770 2398 τελευτήσει
795 2318 844 2384 vel
866 2316 1054 2398 τελευτῆσαι
1080 2319 1244 2401 ἀνάγκη.”
1274 2321 1391 2386 Viden-

267 2435 340 2498 dum
370 2455 470 2500 annon
493 2433 593 2521 potius
621 2436 657 2496 τὸ
686 2431 761 2497 citra
787 2433 998 2498 necessitatem
1024 2433 1166 2510 abundet,
1195 2437 1392 2518 exsequenti

211 2553 221 2576 ·
266 2545 378 2632 syllaba
401 2572 434 2610 τε
458 2547 490 2611 in
513 2546 718 2625 τελευτῆσαι
739 2547 891 2624 iteratum,
912 2545 1055 2631 locusque
1074 2548 1117 2611 ita
1136 2547 1311 2611 scribendus
1333 2549 1389 2611 sit:

268 2659 353 2724 ἀλλὰ
378 2664 434 2724 τόν
459 2661 584 2742 ὁμοίϊον
610 2665 761 2725 θάνατον
786 2696 887 2710 --
912 2659 982 2723 οὐδ’
1008 2661 1038 2723 οἱ
1061 2661 1133 2723 θεοὶ
1158 2662 1200 2722 ἂν
1225 2659 1391 2744 ἀποσοβή-

268 2797 359 2838 σειαν
384 2773 441 2855 ἀφ’
466 2759 504 2838 od
528 2772 714 2860 βούλοιντο,
741 2771 848 2836 ἀλλὰ
873 2777 980 2849 τότε,
1006 2776 1168 2836 ὁπόταν
1191 2769 1209 2856 ᾖ
1231 2798 1389 2855 πεπρω-

265 2886 410 2968 μένον,
436 2885 695 2968 τελευτῆσαι
720 2888 864 2952 αὐτόν.
892 2885 1009 2956 Quodsi
1032 2886 1066 2950 in
1088 2885 1139 2949 his·
1159 2893 1239 2952 recte
1258 2891 1391 2966 τήνθε-

265 3002 406 3085 ραπείαν
440 2999 618 3082 ἠσκηκέναι
639 2999 764 3076 ¹videar,
798 2999 951 3064 addendus
982 2999 1032 3063 hic
1066 2999 1149 3063 locus
1183 2999 1232 3077 iis,
1270 2999 1324 3065 ubi
1358 3001 1392 3065 in

267 3115 377 3179 nostris
399 3114 520 3180 scholiis
541 3114 637 3179 oratio
656 3119 778 3199 repente
801 3112 833 3176 in
852 3113 1029 3178 indirectam
1049 3115 1175 3177 formam
1196 3115 1390 3191 convertitur,

266 3251 342 3312 quae
375 3229 439 3292 sinc
469 3227 536 3292 labe
564 3226 661 3292 evasit
684 3251 713 3314 p.
740 3231 791 3291 59.
815 3228 835 3291 l.
862 3231 919 3292 15:
944 3225 1065 3309 Ἑλένη
1088 3266 1132 3277 --
1156 3226 1313 3307 ἐδήλωσεν
1338 3230 1388 3291 ὅτι

266 3338 446 3425 παρθένοις
476 3345 577 3422 μόνον
611 3335 650 3419 ἦν
685 3343 831 3425 αἰσχρόν,
864 3379 909 3388 -
931 3379 976 3388 -—
1008 3346 1080 3414 ταῖς
1112 3340 1147 3404 δὲ
1172 3343 1390 3424 γαμηθείσαις

264 3459 306 3535 μή
340 3447 424 3520 εἶναι
458 3457 604 3539 αἰσχρόν,
638 3460 669 3520 et
697 3477 725 3541 p.
752 3458 826 3532 523,
850 3456 870 3519 l.
897 3460 925 3519 9.
956 3454 1129 3528 Τάνταλος
1152 3453 1389 3534 -ἀπλήστως

268 3567 413 3651 διετέθη.
440 3566 568 3652 κλέψας
592 3570 652 3651 γὰρ
674 3569 710 3630 τό
731 3567 850 3652 νέκταρ
873 3570 927 3630 καλ
950 3573 1009 3648 τήν
1023 3568 1218 3653 ἀμβροσίαν,
1232 3567 1387 3632 -έόωκε

267 3689 333 3755 τοῖς
373 3680 534 3763 ὁμήλιξιν.
571 3683 622 3762 ἐφ’
655 3675 703 3756 οἷς
734 3681 1013 3760 ἀγανακτήσαντα
1044 3685 1100 3745 τόν
1137 3682 1202 3743 Δία
1238 3679 1388 3764 ἐκβαλεῖν

267 3795 379 3874 αὐτόν’,
406 3821 435 3858 κ.
463 3821 492 3857 τ.
519 3799 544 3857 έ.
572 3795 734 3860 etiterum
758 3818 787 3881 p.
814 3796 887 3870 720,
911 3794 931 3857 l.
958 3798 986 3871 3,
1011 3801 1042 3858 et
1067 3797 1140 3870 811,
1164 3795 1185 3857 l.
1212 3799 1262 3856 29.

309 3909 431 3994 Exigua
454 3909 659 3996 dittographia
680 3909 806 3973 delenda
825 3915 871 3972 est
893 3907 925 3971 in
948 3907 1119 3993 paraphrasi
1143 3929 1245 3970 versus
1270 3931 1304 3982 α,
1331 3911 1388 3970 62:

267 4024 297 4085 τί
331 4027 373 4087 νυ
403 4023 435 4085 οἱ
458 4026 552 4086 τὸσον
577 4021 719 4100 ὠδύσαο,
744 4026 822 4098 Ζεῦ,·
845 4021 878 4086 in
902 4021 967 4086 cod.
992 4021 1040 4084 H:
1066 4021 1098 4081 τέ
1122 4021 1210 4102 αὐτῷ
1239 4019 1305 4102 [τό]
1333 4043 1389 4081 το-

268 4139 381 4200 σοῦτον
415 4133 593 4220 ὠργίσθης,
627 4127 651 4196 ὦ
676 4139 755 4212 Ζευς
778 4135 923 4199 Eiusdem
946 4134 1063 4218 generis
1087 4134 1229 4197 mendum
1251 4133 1391 4195 commis-

266 4272 332 4313 sum
356 4250 394 4313 ad
421 4274 452 4326 γ.
481 4253 554 4314 115.
582 4250 650 4329 ἐμοὶ
672 4247 706 4310 δέ
732 4249 768 4312 οὐ
793 4247 885 4312 δοκεῖ
899 4243 1043 4329 τοιαύτη
1068 4240 1153 4310 εἶναι
1178 4254 1199 4328 ή
1221 4243 1390 4324 ἀπόδοσις,

267 4360 340 4424 ἀλλ’
374 4362 474 4435 οὕτως
509 4360 574 4446 ἕχει
605 4360 752 4438 ὁλόγος·
778 4363 826 4436 τίς
850 4365 892 4425 ἂν
918 4363 1028 4424 ἐκεῖνα
1052 4365 1161 4423 πάντα
1186 4359 1393 4440 διηγήσαιτο,Ι

268 4473 336 4538 οὐδ’
365 4479 393 4540 εἰ
418 4476 471 4538 ἐπὶ
496 4474 594 4539 πέντε
625 4475 712 4562 [ἔτη]
742 4477 797 4538 καὶ
822 4473 856 4547 ἓξ
882 4474 938 4555 ἔτη
962 4470 1159 4556 παραμένων
1185 4471 1321 4554 ἐξερέοις
1333 4474 1393 4536 ὅσα

271 4593 360 4652 κεῖθι
397 4596 561 4672 πάθομεν,
598 4589 733 4654 ὁὸναιτό
774 4615 823 4664 τις
861 4593 972 4652 πάντα
1003 4589 1230 4667 μυθήσασθαι.
1270 4586 1308 4649 In
1347 4587 1394 4654 his
