3454 5330
887 651 930 716 el

347 862 436 926 quam
468 841 560 918 deest,
591 841 681 906 modo
711 839 895 926 corrigatur:
921 842 964 915 ὡς
987 838 1112 921 μᾶλλον
1137 843 1310 904 αἰτιᾶσθαι
1334 841 1378 914 ὥς
1402 837 1471 914 ἒξε-

347 953 441 1020 λιπεν
467 953 690 1039 εδεργετοῦσα,
718 960 769 1036 τῷ
793 959 835 1037 μὴ
859 981 893 1035 μ.
921 961 956 1017 θ.
983 953 1121 1033 ὀγαγεῖν
1147 956 1231 1019 κατὰ
1255 958 1314 1036 τὴν
1335 953 1445 1020 πόλιν.

391 1068 478 1134 Idem
509 1070 647 1134 fortasse
665 1091 724 1134 usu
753 1068 839 1134 venit
869 1075 905 1130 θ.
938 1070 1018 1132 267:
1051 1067 1133 1144 ὅλως
1165 1067 1199 1132 δὲ
1227 1068 1371 1153 ’Όμηρος
1395 1067 1469 1133 οὐδὲ

347 1177 435 1250 οἶδεν
468 1184 660 1266 Ἥφαιστον
693 1180 882 1267 Ἀφροδίτῃ
914 1187 1078 1248 συνοικεῖν
1113 1184 1276 1268 (σύνοικον
1304 1182 1471 1248 rectissime

347 1298 476 1363 correxit
498 1297 730 1382 Buttmanmm.)
760 1301 884 1380 Χάριτι
910 1294 944 1359 δὲ
970 1295 1070 1359 αὐτόν
1096 1297 1309 1382 συμβιοῦντα,
1336 1299 1469 1379 Λημο-

347 1410 472 1485 δοκος
497 1409 538 1474 δὲ
564 1418 613 1495 τῇ
637 1409 728 1490 ἰδία
752 1412 1009 1492 μυθοποιίᾳ.
1034 1410 1084 1474 Ita
1107 1410 1209 1475 editur
1230 1433 1267 1474 ex
1290 1409 1392 1481 HQT.
1413 1408 1471 1472 Ul·

346 1526 420 1590 tima
449 1547 511 1591 non
540 1526 659 1612 integra
688 1547 752 1590 esse
783 1524 932 1602 videntur,
965 1524 1066 1609 itaque
1095 1524 1272 1590 Dindorfins
1296 1523 1468 1589 adnotavit:

349 1641 445 1722 „sort:
472 1646 587 1726 χρῆται
611 1639 815 1705 addendum.''
841 1638 901 1703 Sed
924 1661 962 1703 ne
986 1638 1174 1724 sicquidem
1198 1639 1299 1704 omnia
1322 1645 1402 1704 recte
1420 1661 1469 1702 co·

346 1755 480 1833 haerent,
505 1777 575 1819 nam
596 1754 775 1818 indistincte
794 1752 886 1818 nimis
910 1752 1112 1818 dictumest:
1136 1753 1328 1819 Demodocus
1352 1751 1472 1840 propria

346 1869 532 1954 mythologie
563 1869 669 1932 utitur.
702 1867 842 1932 Fortasse
871 1867 1091 1933 emendandum
1121 1873 1182 1933 est:
1217 1865 1405 1952 Δημόδοκος
1435 1865 1471 1930 δὲ

346 1985 457 2046 τοῦτ’
483 1979 551 2062 ίδίᾳ
573 1987 826 2063 μυθοποιεῒ.

392 2094 527 2161 Certiora
557 2095 627 2160 dare
656 2116 778 2182 possum
812 2094 850 2158 ad
874 2092 903 2157 λ.
930 2097 1004 2158 489.
1028 2095 1156 2161 Dixerat
1178 2095 1212 2160 in
1235 2095 1315 2162 Orco
1341 2094 1472 2161 Achillis

346 2209 469 2274 umbra:

435 2321 615 2410 βουλοίμην
642 2327 671 2386 κ’
696 2322 874 2408 ἐπάρουρος
898 2317 960 2388 ἔὼν
984 2322 1165 2407 θητευέμεν
1189 2322 1406 2408 ἄλλῳ,--

430 2442 455 2519 ’ἤ
478 2442 579 2502 πᾶσιν
605 2437 750 2502 νεκύεσσι
776 2435 1075 2521 καταφθιμένοισιν
1100 2435 1267 2504 α’νόσσειν.

346 2552 397 2617 Ad
419 2552 492 2617 haec
522 2551 692 2627 scholiasta,
725 2549 855 2626 λυτικὸς
880 2553 944 2616 sine
966 2551 1071 2631 dubio,
1096 2552 1256 2638 adscripsit
1278 2551 1356 2617 hanc
1379 2574 1473 2638 quae-

347 2668 492 2733 stionem:
515 2671 582 2741 πῶς
596 2669 749 2732 τοσοῦτον
764 2664 924 2748 φιλόζωον
943 2667 1063 2745 εἰσάγει
1083 2669 1154 2731 τόν
1176 2692 1225 2751 πρ
1236 2691 1252 2730 ο
1263 2691 1281 2728 κ
1291 2692 1308 2751 ρ
1319 2666 1330 2726 ί
1340 2689 1358 2729 ν
1368 2689 1410 2730 ον
1420 2689 1439 2727 τ
1449 2688 1470 2726 α

347 2783 425 2846 τόν
444 2780 751 2866 ὀλιγοχρόνιον
774 2781 858 2862 μετ’
883 2779 1083 2854 εὐκλείας
1108 2779 1204 2861 ζῆν,·
1227 2783 1299 2859 ἤτοι
1324 2769 1381 2843 οὖν
1407 2801 1471 2842 πα-

347 2900 595 2979 ραμυθούμενος
626 2898 686 2970 τὴν
720 2892 900 2980 δυστυχίαν
921 2891 1102 2966 Ὀδυσσέως
1126 2895 1229 2957 ταῦτά
1254 2915 1365 2976 φησιν,
1390 2895 1411 2973 ἤ
1434 2894 1470 2954 τό

345 3011 517 3093 ἄπρακτον
542 3011 607 3072 τῶν
634 3011 760 3092 νεκρῶν
786 3009 869 3091 ὀρῶν
894 3005 1106 3093 βδελύττεται
1131 3011 1191 3088 τὴν
1216 3010 1304 3092 παρὰ
1329 3011 1397 3077 τοῖς
1422 3029 1472 3070 νε-

348 3128 436 3204 κροῖς
467 3119 613 3184 δίαιταν.
641 3119 799 3207 Corrupto,
829 3120 904 3204 qnin
927 3121 1018 3184 ctiam
1041 3121 1208 3186 sententiae
1230 3119 1377 3186 contraria
1400 3124 1473 3182 sunt

347 3240 418 3298 τόν
443 3235 738 3319 προκρίνοντα
762 3240 819 3298 etc.
845 3234 948 3299 Sensit
970 3233 1027 3298 hoc
1049 3233 1266 3313 Buttmannus‚
1287 3231 1472 3298 haecobser-

347 3371 437 3413 vans:
475 3348 603 3430 „mutila
636 3348 710 3414 haec
743 3348 776 3412 in
807 3348 889 3413 hunc
919 3369 1040 3413 sensnm
1074 3348 1243 3413 sarcienda:
1275 3385 1319 3396 ——
1351 3349 1470 3423 εἰσάγει

348 3461 463 3542 αὐτόν,
502 3463 724 3547 προκρίνοντα
760 3466 817 3527 τόν
851 3463 990 3548 μακρόν,
1027 3461 1099 3526 ἀλλ’
1135 3461 1237 3526 ὀκλεᾶ
1269 3463 1381 3548 βίοτον
1413 3464 1469 3524 τοῦ

347 3577 573 3664 ὀλιγοχρόνιον
597 3580 665 3662 μετ’
691 3576 839 3653 εὐκλείας
860 3577 954 3659 ζῆν.”
975 3579 1087 3644 Sensus
1106 3577 1202 3642 multo
1221 3577 1338 3642 facilius
1351 3575 1472 3641 restitui

258 3719 260 3725 ·
346 3699 454 3780 potest.
485 3693 619 3780 legatur
649 3694 756 3759 modo:
789 3696 857 3768 πῶς
888 3697 1043 3759 τοσοῦτον
1076 3691 1237 3776 φιλόζῳον
1269 3693 1388 3769 εΐσόιγει
1413 3692 1470 3754 τόν

347 3811 651 3895 προκρίναντα
681 3814 717 3874 τό
749 3809 976 3894 ὀλιγοχρόνιον
1009 3806 1077 3891 μετ’
1110 3805 1256 3881 εὐκλείας
1293 3804 1365 3887 ζῆν·
1400 3825 1471 3869 nam

347 3923 542 4009 praeteritum
571 3924 773 4010 participium.
784 3921 897 4009 requiri
916 3921 1109 3986 menifestum
1128 3927 1183 3984 est.
1197 3920 1248 3984 Sic
1260 3920 1356 3984 oritur
1367 3918 1470 3983 eadem

347 4038 505 4116 sententia,
535 4059 625 4122 quam
649 4037 855 4102 Bnttmannus
879 4034 1008 4113 volebat,
1032 4039 1063 4099 et
1081 4033 1159 4099 nihil
1179 4033 1287 4099 addere
1306 4034 1364 4098 erit
1384 4055 1469 4121 opus.

390 4151 517 4218 Prorsus
550 4158 651 4217 antem
681 4150 752 4216 vitii
781 4146 982 4236 suspicionem
1005 4152 1184 4234 effugenmt,
1209 4171 1285 4235 quae
1307 4149 1470 4234 corruptis-

346 4266 421 4331 sima
451 4267 484 4331 in
515 4267 579 4353 ipsa
610 4248 671 4331 ¹fere
701 4265 798 4352 operis
829 4264 928 4328 fronte
950 4263 1101 4351 leguntur.
1126 4263 1176 4326 Ad
1199 4262 1295 4349 prima
1318 4263 1470 4348 Odysseae

346 4380 452 4445 verbat
477 4378 584 4465 ἄνδρα
609 4405 663 4464 μοι
689 4379 818 4457 ἔννεπε,
840 4379 961 4441 Μοῦσα
979 4377 1104 4464 longum
1127 4383 1173 4442 est
1196 4376 1332 4442 scholion
1350 4377 1382 4442 in
1403 4365 1477 4464 plu-⁸

346 4492 432 4558 rimis
462 4495 548 4561 codd.
582 4495 620 4561 de
652 4495 743 4562 variis
768 4493 905 4560 vocabuli
929 4492 1010 4580 α’νὴρ
1035 4493 1316 4580 significationibus.
1350 4496 1386 4556 τό
1411 4483 1468 4557 σύν

344 4606 465 4692 ἄνδρα,
491 4610 602 4695 inquit,
628 4612 744 4695 κυρίως
769 4612 845 4696 παρ’
871 4607 958 4695 αὐτῷ
979 4611 1122 4696 τίθεται,
1143 4607 1468 4692 τόνοίντιτιθέμενον
