3454 5330
895 650 938 712 62

355 834 554 904 ratiocinandi
573 835 678 902 ordine
696 833 857 902 verborum
875 832 986 898 vitium
1005 832 1101 918 magis
1120 838 1245 919 pateret.
1258 833 1377 918 Nempe
1389 835 1407 894 ὁ
1418 829 1475 895 λυ-

355 953 443 1026 τικὸς
462 949 519 1014 hoc
538 948 629 1016 dicit:
651 949 685 1014 si
704 947 881 1014 namoscire
893 951 1001 1034 potest,
1014 947 1083 1032 qnis
1095 946 1154 1011 sibi
1166 946 1362 1032 paterfuerit,
1375 945 1476 1022 idest,

354 1070 390 1128 ut
418 1086 474 1130 nos
504 1063 602 1130 dicere
632 1062 772 1141 solemus,
804 1062 830 1126 si
861 1060 1033 1126 Telemachi
1064 1060 1181 1125 dictum
1203 1060 1237 1124 in
1259 1081 1363 1125 omnes
1386 1059 1476 1136 valet,

352 1176 433 1242 unde
454 1175 577 1242 tandem
598 1175 686 1242 liberi
710 1183 825 1263 patrem
848 1197 1009 1261 agnoscere
1027 1173 1172 1261 possent?
1193 1174 1275 1239 Nam
1286 1173 1354 1238 illa:
1376 1178 1479 1255 μήτηρ

352 1291 412 1371 μὲν
443 1296 500 1355 etc.
533 1290 580 1354 de
610 1288 853 1354 Telemacho
883 1290 1015 1355 valere
1034 1294 1214 1375 possunt,
1240 1287 1389 1374 quippe
1412 1287 1480 1370 qni

354 1407 523 1487 patrem,
544 1403 620 1468 iam
638 1409 714 1468 tum
734 1426 851 1490 quum
869 1403 957 1490 ipse
975 1403 1113 1468 infans
1133 1407 1218 1466 erat
1237 1422 1404 1487 peregre
1422 1400 1481 1464 de·

352 1522 532 1600 gentem,
551 1539 705 1603 nunquam
724 1518 845 1597 viderit,
860 1518 898 1582 de
909 1517 1050 1582 omnibus
1070 1516 1168 1582 valere
1186 1539 1248 1580 non
1267 1522 1401 1601 possunt.
1415 1515 1481 1579 Ita-

352 1651 411 1714 que
429 1628 651 1706 Telemachum,
675 1652 751 1715 quae
771 1631 898 1709 dixerat,
918 1632 956 1696 ad
975 1630 1126 1716 seipsum
1145 1629 1334 1715 restringere,
1358 1651 1420 1693 non
1442 1629 1481 1692 ad

352 1766 456 1810 omncs
479 1745 639 1812 extendere
673 1745 817 1831 oportuit.
851 1745 940 1810 Hanc
963 1744 1144 1810 sententiam
1166 1743 1273 1808 elicere
1296 1743 1418 1829 quidem
1441 1764 1479 1807 ex

353 1858 452 1924 verbis
476 1859 599 1924 Graecis
624 1880 792 1945 possumus,
818 1859 871 1925 aad
893 1858 1019 1924 obscure
1041 1864 1162 1924 tantum
1181 1863 1212 1922 et
1230 1857 1396 1922 divinando
1408 1879 1481 1942 sup-

353 1971 521 2056 plendoque
543 1973 698 2056 quaedam.
722 1972 860 2037 Primum
879 1973 970 2038 verba
989 1974 1075 2047 ὅπως
1095 1976 1155 2053 μὲν
1175 1970 1232 2056 ἐήη
1254 1976 1392 2058 suspecta
1402 1971 1480 2035 mihi

353 2089 441 2162 sunt;
466 2106 542 2169 quae
564 2107 632 2149 uno¹
649 2091 753 2150 tenore
776 2107 845 2149 oum
869 2084 997 2149 Homeri
1020 2108 1109 2151 versu
1127 2092 1231 2169 μήτηρ
1254 2085 1314 2166 μέν
1337 2091 1393 2150 etc.
1408 2106 1480 2150 con-

354 2194 533 2281 iunguntur.
557 2198 601 2262 At
622 2219 685 2262 non
708 2198 806 2263 solent
829 2198 1015 2276 scholiastae,
1041 2202 1188 2284 quantam
1209 2198 1364 2264 observare
1381 2198 1477 2284 potui,

354 2330 408 2374 sua
430 2309 521 2375 verba
543 2311 651 2376 mediis
673 2310 800 2376 Homeri
818 2311 955 2377 versibus
974 2311 1174 2399 interponere.
1194 2313 1236 2377 In
1254 2313 1375 2378 citando
1387 2311 1479 2377 omit

352 2428 424 2488 tunt
446 2445 664 2508 nonnunquam
687 2426 843 2508 quaedam,
868 2425 1040 2513 paraphrasi
1065 2449 1184 2512 quoqne
1206 2426 1366 2510 aliquoties
1385 2429 1479 2490 utun-

353 2543 414 2616 tur,
438 2538 492 2602 sed
514 2560 670 2622 nunquam
692 2539 793 2603 versui
817 2539 980 2605 Homerico
1002 2540 1046 2606 ita
1069 2540 1186 2604 addunt
1205 2563 1268 2618 sna,
1289 2546 1325 2604 ut
1342 2539 1478 2604 inunam

354 2652 534 2716 sententiam
556 2652 732 2718 coalescant.
757 2653 800 2717 llt
823 2649 913 2737 quam
932 2675 1038 2740 parum
1055 2653 1365 2720 necessariaadditiol
1388 2652 1478 2734 „Ma-

354 2771 400 2828 ter
421 2765 544 2850 quidem
567 2766 653 2844 dicit,
677 2789 725 2832 me
748 2767 813 2831 eius
838 2765 988 2857 (Ulyssis)
1011 2768 1109 2832 filium
1128 2789 1200 2844 esse,
1221 2766 1362 2850 equidem
1374 2772 1476 2829 autem

353 2879 454 2943 nescio
476 2881 562 2952 ὅπως
586 2882 646 2961 μὲν
671 2878 773 2965 ἐ’χηδ”
798 2882 838 2945 In
859 2881 907 2945 his
930 2882 1026 2965 igitur
1048 2881 1177 2945 nimium
1199 2885 1255 2957 est,
1278 2879 1312 2943 in
1334 2879 1382 2956 iis,
1401 2900 1477 2962 quae

353 2991 457 3055 stetim
479 2997 796 3078 seq·uuntur,·parum.
820 2995 912 3071 Nam,
936 2994 1017 3057 unde
1041 2993 1162 3058 tandem
1185 2993 1219 3055 in
1242 2992 1306 3056 his:
1340 2993 1392 3053 ἐπὶ
1418 2995 1474 3053 τοῦ

353 3101 559 3188 Τηλεμάχου,
592 3105 703 3192 pendet
735 3105 811 3168 a’m'?
845 3106 954 3189 Itaque
983 3105 1124 3188 equidem
1156 3105 1291 3190 suspicor
1313 3103 1403 3169 verba
1425 3103 1479 3167 illa

351 3217 437 3290 ὅπως
460 3218 520 3297 μὲμ
544 3215 601 3301 ἔχη
622 3217 757 3282 Homero
776 3239 840 3282 esse
860 3217 1018 3282 adimenda
1037 3222 1068 3282 et
1086 3216 1301 3302 coniungenda
1315 3240 1385 3280 cum
1396 3239 1478 3302 seqq.

353 3329 412 3394 ita:
445 3333 481 3392 τὸ
514 3330 575 3413 μὰρ
609 3335 732 3413 ,μήτηρ
756 3333 816 3411 μὲν
840 3370 884 3378 -
909 3331 966 3394 οὐκ
993 3323 1103 3409 σῖδα,”
1129 3329 1267 3410 ὀρθῶς
1289 3333 1365 3412 μὲν
1389 3329 1478 3413 ἔχει

353 3444 421 3506 ἐπὶ
461 3447 533 3507 τοῦ
577 3442 843 3529 Τηλεμάχου,
885 3467 961 3530 quae
994 3467 1077 3510 nunc
1109 3444 1264 3530 perspicue
1298 3444 1479 3529 significant,

353 3561 454 3640 „recte
484 3557 608 3642 quidem
638 3558 752 3622 habent
782 3559 819 3623 de
847 3558 1058 3625 Telemacho.''
1082 3560 1174 3635 Nam,
1199 3558 1315 3645 pergit:
1339 3559 1396 3620 ὅτε·
1417 3559 1478 3641 μὰρ

351 3669 534 3754 ἀπεδήμησε
566 3677 645 3746 παῖς
678 3666 717 3752 ἦν
748 3672 852 3756 μαζ
887 3673 989 3745 Quis?
1021 3673 1134 3737 Sensus
1165 3671 1303 3755 requirit,
1338 3671 1411 3734 haec
1442 3671 1479 3734 de

351 3792 465 3871 patre
502 3785 573 3851 dici.
616 3786 678 3851 Sed
715 3789 884 3872 proximum
926 3787 1094 3852 subiectum
1133 3786 1231 3849 fuerat
1272 3783 1478 3849 Telemachus.

353 3898 554 3963 Grammatica
583 3899 681 3985 igitur
709 3900 786 3965 ratio
812 3900 954 3986 postulat,
985 3905 1030 3976 ut,
1065 3898 1125 3962 nisi
1153 3898 1281 3962 addatur
1303 3897 1386 3961 aliud
1408 3897 1479 3962 sub-

353 4011 475 4089 iectum,
499 4011 573 4077 haec
595 4012 665 4090 duo,
690 4013 743 4076 ὅτε
767 4011 950 4094 ἀπεδήμησε
975 4017 1006 4074 et
1029 4016 1107 4085 παῖς
1132 4006 1171 4091 'lt’
1194 4011 1286 4096 μαζῷ
1314 4011 1352 4074 de
1374 4011 1479 4075 eodem

352 4124 570 4210 intelligantur,
612 4125 694 4209 quod
727 4124 980 4190 absurdissimum
1016 4125 1103 4190 foret.
1139 4124 1348 4210 supplendum
1383 4125 1479 4211 igitur

352 4238 509 4303 existimo:
545 4239 598 4301 ὅτε
635 4239 697 4320 γὰρ
734 4236 917 4320 ἀπεδήμησε
950 4242 969 4301 ὁ
1000 4242 1157 4323 πατήρ,
1192 4244 1270 4311 παῖς
1302 4232 1341 4317 ἦν
1372 4236 1476 4322 μαζῷ.

352 4351 470 4418 Notum
502 4358 558 4432 est,
588 4373 678 4437 quam
710 4373 797 4437 saepe
820 4355 940 4435 πατήρ,
965 4379 1008 4438 πρ
1032 4352 1207 4439 plerumque
1231 4350 1385 4438 scriptum,
1409 4357 1479 4417 ante

353 4471 433 4540 παῖς
463 4465 617 4532 exciderit.
650 4464 747 4530 Totus
772 4465 875 4551 itaque
897 4465 980 4532 loeus
1003 4467 1047 4532 sic
1069 4465 1243 4531 scribendus
1268 4471 1330 4528 est:
1355 4467 1392 4526 τὸ
1416 4466 1477 4546 γὰρ

353 4584 477 4663 υμήτηρ
499 4577 606 4660 μὲμτέ
627 4577 665 4658 μέ
679 4601 755 4662 φησι
776 4582 832 4644 τοῦ
853 4578 998 4668 ἔμμεναι,
1020 4581 1123 4665 αὐτὰρ
1144 4578 1242 4656 ἔγωγε
1257 4574 1277 4668 ΙΙ
1291 4575 1348 4641 οὐκ
1362 4569 1475 4658 οἷδα,”
