3454 5330
805 640 846 727 ol

259 851 477 940 ἁβροδίαιτον
511 853 639 914 ἑαυτῶν
672 852 726 912 καλ
761 851 797 912 τό
829 852 901 933 περὶ
934 851 1008 922 τούς
1038 848 1198 932 πολέμους
1233 847 1385 921 ἀσθενές·

263 969 339 1050 φησὶ
365 969 457 1044 γοῦν·
484 963 543 1046 „ool
567 966 629 1047 μάρ
655 965 833 1043 Φαιήκεσσι
860 963 963 1026 κτὲ.”·
986 961 1106 1028 οὐδένα
1126 961 1282 1027 θέλουσιν
1297 961 1390 1046 ἀκρι-

259 1082 325 1166 {ieie
358 1083 480 1161 μαθεῖν
513 1077 620 1150 ποίοις
651 1077 774 1139 οἰκοῦσι
807 1078 933 1156 τόποις,
968 1075 1190 1141 ἐπανάστασιν
1223 1073 1386 1157 πολεμίων

258 1190 450 1263 δεδοικότες.
486 1195 604 1255 τουτου
638 1195 733 1274 χάριν
766 1191 821 1252 καὶ
853 1187 1027 1270 μισόξενοι,
1054 1192 1108 1252 καὶ
1136 1190 1209 1263 τοός
1233 1187 1389 1270 ἀφικομέ-

260 1329 335 1380 νους
365 1301 603 1370 ἀποστέλλουσι
636 1307 777 1388 τάχιστα
811 1305 864 1366 καὶ
897 1301 1130 1385 κοιμωμένους,
1163 1303 1220 1367 ἵνα
1250 1307 1293 1385 μὴ
1328 1307 1387 1384 τὴν

260 1418 337 1484 όδόν
360 1423 502 1500 μάθωσι.
529 1416 580 1480 διό
606 1417 661 1480 καὶ
682 1419 885 1499 κοιμώμενον
906 1416 1126 1482 ἀποτίθενται
1140 1420 1197 1481 τόν
1211 1416 1385 1496 Ὀδυσσέα,

262 1530 316 1594 διὰ
336 1531 371 1594 τό
391 1535 433 1612 μὴ
456 1528 539 1596 ἰδεῖν
562 1532 622 1604 εἷς
641 1536 772 1594 ποῖον
795 1527 950 1612 λιμένα
971 1529 1390 1604 ἀναπλέουσιν.(λυοό

263 1645 289 1709 si
310 1645 434 1730 Ulysses
458 1645 628 1709 discemene
652 1643 811 1731 potuisset,
835 1645 882 1717 εἷς
904 1648 1001 1708 ποῖον
1023 1641 1178 1725 λιμένα
1199 1645 1231 1708 ol
1243 1644 1389 1716 Φαίακες

263 1755 500 1836 ἀναπλέουσιν,
526 1758 618 1822 eiiam
641 1757 667 1821 si
690 1779 794 1823 eornm
816 1757 900 1842 regio
919 1756 1040 1822 Ithacae
1059 1757 1195 1843 proxima
1214 1764 1301 1835 esset,
1326 1757 1390 1820 sine

262 1870 355 1936 dnbio
376 1872 499 1957 Lynceo
523 1871 640 1936 acutior
662 1892 782 1936 cernere
805 1869 968 1935 debuisset.
993 1871 1060 1936 Neo
1082 1870 1139 1934 hoo
1161 1876 1267 1938 ourani
1294 1868 1390 1936 Pheo-

261 2005 336 2062 eoes,
366 1991 403 2048 nl
432 1983 558 2069 Ulysses
585 1983 709 2061 nesciat,
740 1984 779 2048 ad
801 2005 890 2069 quem
914 1990 1035 2071 portum
1059 1991 1256 2064 revertantur,
1281 1985 1334 2050 sed
1356 1985 1389 2048 id

264 2119 333 2161 enm
349 2075 524 2180 'omnesque
558 2097 692 2184 hospites
716 2097 811 2162 eelere
832 2097 950 2175 volunt,
973 2097 1027 2163 ubi
1050 2105 1197 2164 terrerum
1220 2097 1390 2163 Phaeacum

263 2209 361 2276 imula
398 2211 456 2274 site
490 2210 540 2288 sil,
573 2210 605 2274 id
636 2233 753 2297 semper
783 2217 878 2298 agunt
908 2212 994 2285 ὅπως
1026 2210 1135 2277 αὐτῶν
1167 2217 1188 2294 ἡ
1222 2211 1390 2295 οἴκησις

264 2321 431 2410 λανθάνῃ,
466 2326 520 2387 καὶ
554 2322 771 2408 διάστημα
801 2325 878 2390 ὅσον
907 2326 974 2389 ἐστὶ
997 2329 1039 2407 μὴ
1063 2327 1278 2409 νινόισκηται,
1303 2333 1335 2390 et
1356 2325 1390 2390 in

263 2444 366 2504 nostro
389 2437 519 2520 scholis
537 2439 595 2503 ἵνα
613 2443 656 2520 μὴ
681 2442 741 2519 τὴν
765 2438 866 2505 όδόν
889 2445 1032 2521 μάθωσι,
1058 2446 1090 2504 el
1111 2439 1260 2506 neminem
1283 2437 1390 2504 volunt.

266 2558 402 2616 monneto
425 2552 502 2617 seire
524 2552 631 2627 ποίοις
655 2554 777 2617 οἶκοόσι
802 2557 964 2628 τόποις.
989 2553 1024 2618 Si
1046 2553 1114 2638 quis
1134 2559 1234 2617 eutem
1253 2552 1310 2617 hoo
1330 2552 1390 2616 iam
1502 2613 1506 2622 ,

267 2665 365 2743 sciret,
387 2687 478 2752 qnam
498 2665 574 2730 coeli
587 2665 741 2752 regionem
753 2666 928 2744 incolerent,
940 2688 1002 2731 non
1013 2664 1144 2729 multum
1156 2688 1206 2730 eos
1218 2663 1388 2742 adiuvabat,

266 2778 348 2843 huno
357 2779 473 2845 nescire
494 2780 539 2854 εἷς
551 2785 648 2844 ποῖον
662 2778 819 2861 λιμένα
837 2777 1073 2844 ἀναπλέουσιν.
1099 2778 1160 2842 ssd
1179 2776 1297 2860 λιμένα
1308 2778 1391 2843 istud

266 2892 343 2957 nihil
370 2899 417 2958 esi
446 2891 506 2957 nisi
534 2891 641 2958 infelix
661 2893 778 2958 Strnvii
803 2892 975 2958 coniectura
997 2913 1118 2978 pro-eo,
1142 2891 1223 2976 quod
1246 2891 1279 2956 in
1303 2892 1389 2957 οοόό.

267 3010 328 3070 esi:
354 3004 410 3070 διό
435 3005 470 3070 τό
490 3009 532 3087 μὴ
552 3005 635 3071 ι’δεῒν
657 3007 701 3078 εἷς
722 3009 818 3070 ποῖον
839 3007 908 3068 καὶ
928 3005 1010 3087 ἅμα
1033 3002 1271 3084 ἀναπλέουσιν,
1286 3028 1390 3091 qnem-

203 3175 207 3183 ,
266 3117 427 3184 admodum
445 3120 526 3205 opud
542 3119 764 3184 Buttmannum
784 3126 938 3186 exaratum
957 3119 1137 3186 invenimus.
1157 3119 1197 3184 In
1215 3119 1273 3184 hoe
1291 3127 1392 3184 lamen

265 3239 399 3298 monstro
428 3232 567 3299 lectionis
593 3233 668 3299 latet
690 3234 846 3300 verissime
867 3233 958 3300 leotio
979 3233 1071 3300 haee:-
1095 3232 1150 3298 όιό
1175 3233 1210 3297 τό
1241 3238 1283 3318 μὴ
1309 3231 1391 3296 ἰδεῖν

268 3348 312 3421 εἷς
332 3353 428 3412 ποῖον
446 3373 465 3412 κ
476 3346 518 3411 λῖ
525 3374 578 3431 μα
594 3346 832 3414 ἀναπλέουσιν.
846 3349 965 3436 Nempe
977 3340 1124 3436 seriptum
1135 3354 1199 3413 orel
1211 3347 1389 3425 KAIMA,

269 3460 302 3525 in
320 3482 392 3545 σοι
422 3463 570 3550 scriptura
600 3485 695 3550 quum
727 3481 781 3550 pro
804 3467 894 3526 ΚΑΙ
912 3461 1059 3548 seriptum
1081 3469 1160 3528 esset
1181 3461 1277 3523 ΚΑΙ
1295 3481 1393 3524 errore

269 3575 522 3662 frequentissimo,
556 3578 595 3643 de
625 3577 732 3644 celeris
769 3601 824 3660 μα
847 3577 961 3641 foetum
984 3582 1030 3640 est
1052 3576 1132 3656 ἅμα,
1158 3574 1243 3638 euius
1266 3571 1393 3638 reliam

270 3688 399 3776 plurime
423 3693 618 3780 opposuimus
641 3691 784 3778 exempla.
810 3689 895 3762 Quid
918 3688 959 3753 sit
982 3687 1082 3770 κλῒμα
1104 3709 1192 3752 nemo
1214 3685 1322 3750 melius
1345 3685 1392 3749 in-

269 3805 496 3893 terpretabitur,
529 3829 618 3892 qnam
650 3808 714 3895 ipse
738 3805 907 3883 scholiasta,
931 3803 994 3890 qui,
1018 3828 1048 3866 κ.
1075 3805 1149 3880 189,
1173 3799 1211 3865 ad
1233 3799 1340 3866 verbo:
1365 3791 1389 3861 ὦ

270 3918 373 4002 φίλοι,
398 3919 435 3984 οὐ
459 3925 520 4006 γάρ
544 3926 575 3986 τ’
598 3919 692 4005 ἰ’δμευ
715 3921 780 4006 ὅπῃ
805 3918 901 4000 ζόφος
925 3924 981 3983 ete.
1002 3915 1173 3982 annotavit:
1194 3914 1388 3997 ἀγνοοῦμεν,

271 4036 358 4122 φησὶ,
383 4035 419 4102 ἓν
442 4036 526 4120 ποίῳ
550 4034 619 4099 κλί
627 4036 730 4119 μοιτί
755 4035 861 4118 ἔσμεν,
888 4035 943 4097 καλ
967 4030 1005 4096 οὐ
1029 4029 1202 4113 δυνάμεθα
1225 4033 1393 4113 συγκρῖ-

271 4172 341 4214 ναι
373 4149 424 4224 oie
457 4152 559 4234 πρός
583 4149 736 4236 ἑτέραν
762 4152 901 4235 χώραν
926 4149 961 4212 εἰ
984 4143 1242 4212 ἀνατολικοέ
1267 4143 1390 4225 ε’σμεν

270 4267 292 4346 ἤ
325 4263 508 4328 δυτικοί.
545 4263 597 4329 Sio
625 4264 721 4350 igliur
751 4270 782 4330 el
812 4264 960 4329 Phaeaces
990 4260 1123 4347 hospites
1153 4281 1223 4324 suos
1254 4258 1391 4343 ignorare

271 4377 413 4444 volebant
435 4379 573 4462 πότερον
598 4375 791 4444 ἀνατολικολ
816 4371 898 4459 ἦσαν
922 4381 943 4458 'l
966 4373 1104 4438 δυτικοί.

317 4498 354 4556 θ.
382 4496 444 4556 581
471 4515 552 4579 seqq.
577 4498 663 4578 rogat
685 4491 832 4558 Alcinous
854 4491 995 4576 Ulyssem
1016 4487 1222 4553 lacrimantem
1240 4480 1260 4566 ἦ
1272 4486 1322 4559 τίς
1342 4509 1391 4549 τοι

274 4607 329 4669 καλ
352 4606 433 4689 πηός
456 4605 624 4692 ἀπέφθιτο
648 4604 773 4672 Ἰλιόθι
799 4607 873 4692 πρό,
898 4639 942 4654 -
964 4639 1008 4652 -—
1030 4607 1052 4686 ιλ
1075 4602 1123 4677 τίς
1147 4625 1211 4665 που
1231 4602 1285 4664 καὶ
1307 4603 1394 4663 ἑταῖ-

1248 4726 1261 4764 7
