3454 5330
864 661 906 721 54

319 842 422 930 inepte
444 841 491 907 bis
516 843 664 930 repetitur
687 841 756 927 ἔτη,
781 845 862 931 quod
885 844 1002 910 omittit
1025 845 1062 924 Τ,
1086 846 1119 910 in
1143 868 1203 931 qno
1221 854 1252 913 ct
1275 847 1327 909 ἐπὶ
1353 848 1444 913 omit·
1482 921 1483 925 Ἰ

319 957 405 1035 titur,
430 959 555 1024 fortasse
579 965 667 1024 recte.
695 959 788 1047 (App.
812 982 841 1047 p.
868 959 945 1047 745)
984 958 1008 1047 )

364 1095 395 1146 γ.
422 1073 496 1136 467.
520 1072 569 1137 De
592 1072 771 1139 Telemacho
795 1096 812 1136 a
832 1072 997 1158 Polycaste,
1018 1071 1159 1139 Nestoris
1178 1073 1250 1152 tilia,
1263 1074 1445 1140 lavatohaec

320 1185 480 1250 dicuntur:

451 1298 534 1383 α’μφλ
560 1297 596 1364 δέ
618 1324 677 1381 μιν
702 1304 804 1383 φάρος
830 1298 931 1366 καλόν
956 1300 1057 1387 βάλεν
1080 1299 1136 1380 ἠδὲ
1163 1303 1300 1385 χιτῶνα,

318 1412 454 1496 adquae
483 1411 541 1476 hoc
568 1412 703 1477 scholion
727 1419 782 1491 cst,
807 1415 939 1499 primum
962 1414 995 1478 in
1019 1414 1096 1479 HM.
1122 1415 1331 1496 σημειοῦνταί
1356 1439 1443 1490 τινες

317 1525 368 1588 ότι
393 1525 428 1588 ἐν
453 1531 493 1608 τῇ
516 1523 626 1609 πυέλῳ
647 1521 739 1600 ὄντες
760 1525 1017 1612 περιεβάλλοντο
1041 1525 1095 1589 διὰ
1108 1525 1339 1605 τόαῖόεῒσθαι,
1354 1549 1444 1611 quam

318 1637 556 1703 observationem
578 1639 639 1703 iam
659 1662 748 1725 supra
768 1640 901 1705 indicavi
919 1640 1087 1704 Aristarchi
1106 1661 1171 1705 csse
1192 1640 1297 1718 videri,
1310 1646 1342 1704 et
1353 1662 1443 1724 quam

317 1750 421 1816 statim
439 1752 513 1816 hacc
532 1752 703 1839 excipiunt:
724 1753 761 1816 τό
783 1751 933 1836 όειλτερον
954 1758 1084 1837 πρῶτον
1107 1745 1210 1832 εἷπεν,
1236 1754 1279 1828 ὡς
1300 1753 1336 1816 τό
1350 1750 1442 1835 ,οὐδ’
1480 1791 1482 1795 -

317 1861 458 1928 οἷπὲλνσε
482 1870 636 1949 θύγατρα
667 1867 721 1928 καλ
755 1866 813 1929 οὐκ
844 1864 1019 1939 ἀπεδέξατ’
1050 1866 1213 1944 άποινα,”
1246 1889 1323 1952 quae
1351 1866 1444 1952 perti·

316 1983 391 2041 nent
413 1974 451 2041 ad
473 1999 554 2042 voco.
580 1984 681 2062 φάρος
704 1985 736 2042 et
759 1982 896 2062 χιτῶνα,
919 1979 1039 2044 inverso
1058 1979 1163 2044 ordine
1182 1979 1335 2045 collocata.
1354 1980 1442 2045 Idem

317 2089 429 2174 legitur
446 2089 480 2153 in
500 2091 586 2170 codd.
611 2091 676 2154 BE.
701 2089 736 2156 ἐν
758 2099 799 2175 τῇ
820 2091 939 2176 λεκάνῃ
954 2091 1126 2158 ἐνεδύοντο
1140 2092 1244 2157 διὰτὸ
1258 2092 1438 2158 αι’όεῖσθαι.

317 2207 337 2283 ἤ
357 2199 475 2291 (malim
495 2202 566 2291 καὶ)
587 2202 772 2289 οἷόιαφόρως
794 2197 898 2283 εἶπεν,
924 2205 1007 2293 (ἐπεὶ
1026 2197 1220 2271 inserendum
1231 2208 1366 2294 videtur)
1387 2212 1442 2273 καὶ

318 2305 435 2391 ἄλλως
456 2307 492 2380 τό
517 2319 647 2401 πρῶτον
672 2311 740 2383 εἷπε
765 2318 928 2403 δεύτερον,
951 2321 995 2392 ὥς
1018 2320 1054 2382 τὸ
1078 2318 1171 2402 „etr
1195 2319 1336 2385 α’πέλνσε
1361 2321 1441 2387 etc.''

323 2430 374 2515 [τό
397 2435 527 2515 πρῶτον
552 2433 654 2497 εἰπών
680 2432 862 2519 occupor}
895 2432 979 2504 Quid
1001 2433 1206 2521 dittographie
1228 2436 1295 2513 erit,
1320 2436 1346 2501 si
1369 2435 1443 2500 haec

318 2567 378 2610 non
398 2544 466 2609 est?
487 2544 587 2610 Simul
604 2567 658 2634 pro
676 2551 697 2628 'l'
716 2547 821 2634 scripsi
834 2549 903 2626 nol,
922 2569 998 2632 quac
1010 2554 1170 2612 exarentur
1181 2548 1258 2633 sigla
1269 2547 1440 2627 simillima;
1493 2548 1504 2570 ⁰

317 2681 388 2723 nam
417 2657 492 2744 quid
523 2659 669 2746 particula
699 2660 883 2727 disiunctiva
913 2661 1079 2740 sitiverit,
1103 2684 1165 2727 non
1189 2661 1277 2726 facilc
1300 2660 1438 2727 dixerim.

317 2771 432 2840 Itidem
455 2780 524 2860 poss
547 2761 637 2839 εἶπεν
657 2774 772 2840 inserui
793 2777 874 2854 ἐπεὶ,
900 2799 969 2841 nam
988 2783 1019 2841 ct
1037 2775 1251 2842 vocabulorum
1271 2770 1354 2854 εἶπε,
1370 2777 1439 2840 ἐπεὶ

318 2892 349 2949 et
371 2884 426 2948 ἐπί
447 2892 586 2950 constans
606 2894 653 2952 est
676 2876 867 2975 permutatio,
888 2890 933 2956 ita
954 2897 990 2954 ut
1012 2889 1170 2976 aliquoties
1194 2889 1320 2954 alterum
1340 2889 1378 2954 ab
1397 2890 1441 2954 al-

317 3006 383 3064 tero
401 3001 589 3079 extrudatur,
613 3003 700 3068 cuius
724 3001 941 3068 observationis
964 3004 1081 3068 fructus
1104 3010 1135 3069 et
1154 3007 1257 3090 postea
1276 3002 1438 3091 apparebit.

361 3114 400 3179 In
419 3113 510 3198 longo
530 3113 654 3193 scholio,
674 3116 843 3202 Porphyrii,
864 3123 900 3180 ut
919 3116 1016 3193 credo,
1038 3117 1075 3180 ad
1095 3141 1121 3194 ε,
1138 3121 1212 3195 260,
1233 3117 1346 3182 (licitur
1362 3117 1441 3182 inter

318 3227 376 3292 alia
394 3226 470 3292 benc
489 3227 601 3291 multa:
622 3227 659 3290 τό
680 3227 825 3311 ,ἐπητόγς’
847 3228 877 3292 δ’
899 3229 986 3294 ἐστίν
1008 3231 1097 3312 παρὰ
1109 3232 1146 3292 τό
1160 3228 1237 3303 ἔπος
1255 3228 1421 3316 [γέγονεν]
1428 3278 1438 3308 ,

318 3339 423 3424 ὥσπερ
455 3344 545 3424 παρά
577 3341 634 3406 τόν
667 3340 765 3419 λόγον
796 3339 939 3425 ,λόγιος’.
970 3343 1065 3407 Recte
1097 3341 1225 3407 dicitur:
1259 3343 1296 3406 τό
1320 3344 1440 3426 ἐπητὴς

317 3451 452 3532 γέγονεν
477 3456 566 3538 παρὰ
589 3456 626 3518 τό
650 3453 740 3535 ἔπος,
766 3463 846 3521 recte
868 3456 942 3522 item
966 3459 1002 3521 τό
1026 3460 1079 3521 er.
1103 3457 1170 3520 ἐστὶ
1192 3459 1280 3540 παρὰ
1299 3456 1437 3537 τόὲπος,

316 3592 379 3634 non
402 3575 482 3635 recte
503 3575 667 3654 utrumque
689 3570 855 3658 copulatur.
876 3572 996 3647 ¹Itcmm
1021 3572 1152 3637 occurrit
1174 3593 1208 3636 ea
1231 3571 1440 3660 interpretatio

200 3683 217 3694 “
317 3684 354 3750 ac
383 3667 417 3749 ἰ.
451 3687 525 3762 ssa,
558 3682 601 3772 (p.
628 3685 933 3772 5⁷3,1.16seqq.)
964 3687 1050 3752 exe
1073 3685 1133 3751 ie:
1159 3685 1291 3768 εογιης,
1316 3682 1437 3781 λόγος.

318 3800 373 3861 καὶ
398 3797 503 3881 ὥσπερ
528 3800 546 3862 o‘
569 3796 678 3876 λόγιος
702 3801 790 3884 παρά
815 3803 872 3864 τόν
897 3797 1008 3877 λόγον,
1031 3799 1114 3862 οὕτω
1135 3801 1190 3862 καὶ
1210 3799 1329 3881 ἐπήτης
1349 3802 1438 3883 παρά

316 3913 352 3976 τό
384 3910 462 3985 ἔπος
493 3918 524 3978 ct
552 3911 596 3977 sic
626 3913 715 3999 paulo
746 3920 815 4000 post
845 3912 884 3976 ad
913 3910 1039 3976 verbum
1068 3913 1130 3977 fere
1159 3911 1272 3998 legitur
1302 3912 1336 3976 in
1359 3912 1439 3978 Har·

315 4025 414 4092 leiano
437 4022 511 4115 (Η)

360 4141 435 4206 Post
458 4146 552 4206 ratem
575 4163 593 4204 a
613 4140 761 4226 Neptuno
783 4139 960 4216 diffractam
981 4138 1115 4225 Ulysses,
1135 4140 1438 4220 Athenaadinvante,

348 4437 367 4499 ¹)
384 4437 464 4488 Etiam
485 4437 520 4487 H.
544 4452 558 4486 a
575 4436 660 4488 talibus
677 4436 794 4488 erroribus
811 4438 879 4504 plene
895 4437 1005 4490 immunis
1022 4456 1069 4491 non
1086 4441 1129 4500 cst,
1148 4457 1170 4492 v.
1188 4457 1208 4492 c.
1227 4440 1256 4490 cd
1273 4442 1300 4504 ζ.
1319 4443 1375 4492 160.
1394 4458 1437 4506 pro

312 4529 378 4594 πρὸς
396 4529 428 4577 τό
447 4527 532 4594 ὀρθὸν
556 4529 601 4576 καὶ
627 4527 723 4587 εὐφυὲς
745 4527 828 4594 μόνον
852 4532 901 4579 τοῦ
927 4529 1046 4592 σώματος
1064 4530 1145 4582 habet:
1165 4531 1267 4599 „optio
1285 4531 1367 4597 μόνον
1390 4533 1436 4581 ιιαὶ

313 4617 409 4678 εὐφυὲς
425 4617 508 4684 μόνον
527 4617 604 4682 (sic).’'
623 4618 700 4670 Praei.
718 4633 770 4671 Ialv.
