3442 5330
881 583 899 644 6

327 769 443 850 „Recte
473 767 575 832 omnia
597 765 708 852 scripta
730 764 852 830 exhibet
876 765 904 827 Ο
928 762 1138 853 (Bodleiauus)
1164 760 1252 842 οἶνος
1277 769 1331 844 καὶ
1356 767 1446 832 Ks'v-

214 859 219 868 ¹
326 906 445 966 ταυρον
471 880 658 959 ἀγακλυτὸν
684 879 896 964 Εὐρυτίωνα]
923 880 1104 963 ζΌμηρος
1123 884 1198 964 μὲν
1219 880 1280 946 ἕνα
1302 885 1367 946 τῶν
1390 887 1446 946 010.

325 997 386 1061 nisi
409 997 490 1080 quod
514 1019 567 1082 pro
591 994 785 1079 Εὐρυτίωνα
805 995 912 1060 habet:
934 993 1095 1076 cdpcrt'cr„
1117 997 1198 1062 unde
1216 996 1353 1062 mirabile
1364 997 1447 1062 istud

327 1110 448 1192 εὐρῦτῳ
472 1110 615 1175 editionis
638 1109 768 1174 Aldinae
794 1109 926 1208 ortum.''
952 1109 1003 1174 Sic
1025 1109 1258 1196 primumquod
1281 1111 1318 1175 ad
1340 1111 1448 1176 lemma

325 1223 503 1311 pertinebat,
535 1223 574 1286 ad
605 1222 747 1286 Scholion
778 1222 877 1308 ipsum
900 1223 1079 1288 translatum
1103 1230 1159 1301 est,
1183 1223 1302 1302 deiude,
1326 1231 1362 1288 ut
1383 1225 1448 1289 fieri

326 1338 411 1414 solet,
443 1357 525 1401 error
554 1358 684 1401 errorem
715 1336 838 1422 peperit.
872 1336 932 1401 Sed
962 1336 1036 1400 haec
1064 1337 1229 1403 sexcenties
1252 1337 1348 1415 fiunt,
1372 1336 1449 1402 illud

326 1450 427 1527 miror,
460 1450 610 1534 quomodo
640 1472 679 1514 ne
710 1449 876 1515 Homeri
907 1450 1031 1535 quidem
1050 1451 1244 1517 notissimum
1266 1473 1377 1516 nomen
1399 1451 1447 1516 in·

324 1570 440 1628 tactum
464 1585 501 1628 ex
524 1563 745 1650 descriptorum
768 1563 908 1628 manibus
931 1543 1067 1629 evaserit.

284 1696 286 1700 ’
370 1677 486 1743 Verum
517 1678 588 1742 nolo
618 1678 726 1744 addere
757 1678 850 1764 plura.
884 1679 964 1742 Satis
996 1700 1144 1764 superque
1166 1679 1248 1742 enim
1271 1685 1395 1766 apparet
1416 1680 1447 1744 id

326 1793 407 1877 quod
442 1794 525 1857 volo:
562 1793 601 1856 In
635 1797 719 1856 tanta
754 1793 1048 1879 corruptissimorum
1080 1794 1215 1869 locorum
1245 1793 1340 1878 copia,
1373 1815 1449 1877 qnae

326 1906 416 1969 etiam
445 1926 528 1969 nunc
559 1912 703 1991 superest,
735 1904 789 1969 ubi
818 1906 902 1970 nulla
932 1907 986 1970 11111
1008 1929 1045 1970 ex
1068 1906 1222 1971 codicibus
1246 1905 1377 1989 aflhlgct,
1401 1906 1449 1969 vel

327 2019 353 2082 si
384 2018 467 2082 locus
498 2019 531 2082 in
561 2039 622 2082 uno
645 2024 765 2082 tantum
793 2019 896 2083 codice
919 2025 1053 2084 servatus
1076 2026 1131 2095 cst,
1154 2019 1321 2084 necessario
1345 2019 1448 2084 confu-

325 2132 470 2216 giendum
495 2154 559 2196 esse
582 2131 620 2194 ad
642 2131 675 2195 id
699 2131 939 2197 coniecturarum
960 2155 1066 2216 genus,
1092 2134 1172 2217 quod
1196 2132 1448 2219 paheographicis

328 2245 496 2310 rationibus
516 2245 639 2331 planum
662 2245 759 2310 facere
777 2249 885 2331 potest,
910 2246 1061 2329 quomodo
1084 2269 1138 2331 pro
1160 2268 1239 2324 vera,
1264 2269 1340 2330 quae
1363 2268 1448 2332 repo-

326 2359 420 2433 nitur,
445 2358 603 2443 scriptnrn,
627 2357 737 2422 vitium
761 2352 861 2422 ortum
884 2359 934 2437 sit,
964 2360 1045 2442 quod
1067 2381 1149 2424 nunc
1172 2365 1290 2424 textum
1313 2366 1447 2445 occupat.

327 2473 412 2538 Haec
443 2479 542 2537 autem
573 2473 752 2537 emendandi
784 2473 862 2538 ratio
885 2497 920 2539 eo
942 2495 1170 2558 nonnumquam
1193 2474 1310 2538 facilior
1332 2473 1448 2538 01011-

326 2588 446 2654 dentior
468 2587 512 2665 fit,
537 2587 619 2671 quod
642 2579 808 2674 permultae
830 2588 1053 2653 observationes
1072 2611 1109 2652 ex
1129 2587 1219 2653 variis
1239 2587 1337 2664 codd,
1350 2586 1448 2652 verbis

326 2710 379 2768 aut
413 2723 518 2789 parum
548 2708 601 2790 aut
631 2701 709 2768 nihil
739 2702 918 2781 immutatis,
951 2702 1077 2768 diversis
1101 2724 1187 2787 saepe
1209 2700 1284 2766 locis
1307 2700 1449 2787 repetitae

325 2816 534 2881 inveniuntur.

370 2929 431 2993 His
461 2927 557 3012 igitur
588 2928 732 3014 exemplis
764 2928 966 3005 confirmatus,
999 2928 1032 2992 id
1056 2928 1136 3011 quod
1158 2927 1303 2993 Lehrsius
1324 2927 1358 2991 in
1381 2927 1448 3010 qui-

326 3043 453 3108 busdam
472 3042 509 3105 ad
533 3040 661 3126 Iliadem
686 3039 806 3104 scholiis
829 3040 978 3125 praeclare
1000 3039 1161 3125 praestitit,
1186 3039 1250 3126 ipse
1272 3041 1306 3104 iu
1326 3039 1448 3105 schohis

327 3156 365 3220 ad
384 3154 549 3239 Odysseam
569 3159 717 3239 praestare
737 3152 896 3236 virumque
916 3152 1061 3216 eximium
1081 3151 1167 3236 sequi
1185 3151 1324 3230 conabor,
1343 3175 1448 3236 quam·

328 3291 428 3354 quam,
460 3273 497 3332 ut
526 3265 606 3352 apud
636 3264 808 3350 Vergilium
833 3272 888 3343 est,
913 3287 996 3348 „nou
1019 3264 1156 3351 passibus
1180 3263 1313 3350 aequis.''
1337 3266 1447 3350 Igitur,

328 3382 409 3467 quod
432 3380 508 3446 mihi
531 3379 674 3466 reperisse
696 3379 780 3444 risus
795 3401 880 3458 ¹sum,
904 3379 1008 3444 statim
1027 3379 1133 3446 ordine
1152 3401 1307 3466 apponam,
1328 3379 1354 3444 si
1366 3380 1449 3466 prius

329 3498 366 3563 de
388 3495 578 3562 Scholiorum
599 3493 711 3571 indole,
735 3493 771 3559 de
795 3492 949 3559 codicibus
972 3501 1004 3558 01
1027 3493 1222 3571 editionibus,
1247 3515 1340 3579 pauca
1359 3492 1449 3559 verba

328 3612 435 3677 fecero.

372 3839 390 3922 q
412 3840 441 3900 2.
462 3834 651 3900 Scholiorum
671 3855 747 3919 quac
765 3832 798 3898 in
810 3831 1131 3918 Odysseamhabemus
1143 3832 1268 3898 eandem
1283 3840 1449 3920 essentque

327 3949 449 4016 illorum
467 3948 500 4013 in
519 3946 647 4011 Iliadem
666 3947 838 4033 primariam
858 3945 1015 4029 originem,
1038 3945 1222 4029 eandemque
1233 3946 1294 4010 fere
1305 3946 1447 4026 indolem,
1560 3993 1561 3998 1

327 4085 425 4140 nemo,
457 4060 538 4144 quod
568 4059 690 4143 quidem
720 4059 822 4137 sciam,
856 4059 962 4124 doctus
995 4059 1029 4122 in
1060 4056 1186 4124 dubium
1209 4059 1337 4125 vocavit.
1363 4059 1448 4130 Quin

328 4175 420 4240 ctiam
450 4181 552 4239 censet
581 4171 778 4260 Lehrsius1)
810 4172 923 4238 scholia
951 4173 1056 4239 saltem
1075 4173 1269 4258 grammatica
1291 4179 1323 4237 et
1344 4171 1449 4238 critica

360 4445 378 4505 ¹)
398 4444 491 4510 „Verbo
514 4460 597 4494 moneo
620 4445 664 4494 1100
686 4458 743 4510 opus
767 4442 894 4508 Odyssecm
911 4459 1002 4510 quoque
1020 4444 1165 4511 complexum
1182 4443 1354 4496 csse.”1ehrs.
1373 4443 1446 4494 Arist.

322 4536 517 4603 meh
