3442 5330
871 631 913 692 10

333 815 382 878 Ad
406 841 436 897 η.
465 820 515 879 25.
542 813 683 898 τηλόθεν
709 814 742 890 ἐξ
767 815 865 896 ολπίης
889 816 999 900 γαίης]
1027 816 1094 879 ὅτι
1119 819 1178 896 τὴν
1203 815 1285 892 πολοΪ
1310 815 1452 898 α’φεστῶ·

334 951 394 992 σαν
416 935 490 1009 γῆν,
513 928 549 992 οὐ
573 933 630 1009 τὴν
654 927 926 1011 Πελοπόννησον,
948 931 990 1002 ὡς
1011 929 1139 993 οἴονται
1154 931 1184 992 οἱ
1198 933 1347 1012 νεώτεροι
1362 931 1454 1015 ¹).-

333 1043 383 1106 Ad
413 1067 443 1124 η.
470 1046 522 1108 47.
557 1043 622 1105 ὅτι
656 1040 713 1106 δύο
737 1044 841 1107 ὄντων
867 1041 994 1124 ,,τοῖσι”
1019 1035 1087 1107 εἷπε
1111 1051 1167 1108 ete.
1193 1044 1273 1128 quod
1296 1045 1388 1110 eiiam
1411 1046 1454 1110 le·

332 1156 417 1240 gitur
439 1179 468 1242 p.
495 1162 568 1235 262,
595 1162 646 1221 28.
670 1158 783 1221 —Ad
807 1182 839 1239 η.
864 1162 916 1223 80.
936 1157 953 1218 ὃ
962 1181 1000 1220 τι
1021 1159 1137 1230 ἑνικῶς
1157 1158 1215 1232 τὰς
1228 1158 1395 1237 Ἀθήνας.
1409 1197 1454 1207 --

334 1269 383 1332 Ad
408 1295 438 1350 η.
466 1273 540 1334 107.
565 1271 631 1333 ὅτι
657 1272 711 1332 καὶ
738 1271 789 1332 ἐπὶ
815 1271 910 1351 ἐρίων
934 1269 1052 1334 ὀθόναι
1079 1268 1244 1347 λέγονται.
1270 1271 1384 1337 Eadem
1400 1273 1453 1338 ob-

334 1383 464 1448 servatio
488 1385 592 1448 statim
615 1385 762 1468 sequitur,
782 1407 851 1448 cum
870 1384 974 1450 initio:
997 1382 1103 1448 ἰστέον
1123 1370 1186 1447 ὅτι.
1208 1422 1252 1432 -
1271 1386 1320 1450 Ad
1333 1412 1363 1467 η.
1380 1391 1453 1451 222.

334 1498 401 1559 ὅτι
426 1495 663 1579 οἰπαρέμφατον
688 1497 763 1562 οἷντὶ
789 1499 845 1562 τοῦ
867 1500 1118 1581 προστακτινοῦ,
1140 1498 1217 1580 ὅπερ
1238 1497 1368 1594 ἀγνοῶν
1385 1502 1454 1581 Ζη-

336 1608 469 1683 νόδοτος
493 1615 608 1692 γράφει
632 1609 820 1691 ὀτρύνεσθε.
846 1647 890 1656 -
914 1636 945 1692 η.
973 1614 1046 1674 225.
1070 1612 1135 1672 ὅτι
1161 1608 1399 1695 φιλοχρήματος
1419 1613 1453 1675 ἐν

336 1729 401 1789 τῶν
427 1727 583 1789 τοιούτων
609 1722 781 1796 Ὀδυσσεύς
805 1724 973 1804 φαίνεται,
1000 1731 1135 1805 ,κτῆσιν
1158 1725 1235 1806 ἐμὴν
1259 1724 1366 1808 δμῶάς
1383 1726 1453 1802 τε,”

336 1861 516 1922 quamquam
547 1838 584 1902 de
614 1838 672 1901 hoc
701 1838 768 1901 loco
791 1837 908 1902 dubito.
932 1838 1049 1901 —Ad
1072 1863 1103 1919 η.
1128 1840 1201 1902 238.
1226 1838 1243 1900 ὅ
1253 1862 1292 1900 τι
1317 1840 1395 1920 πρὸς
1419 1842 1454 1902 τὸ

336 1949 526 2014 τελευταῖον
550 1949 766 2034 α’ποκρίνεται
790 1953 891 2030 μόνον
915 1957 972 2038 eie.

380 2064 440 2129 Sed
468 2065 530 2148 jam
560 2063 662 2128 taedet
691 2064 777 2148 plura
806 2061 982 2128 exscribere.
1014 2062 1138 2128 Caetera
1167 2063 1263 2148 igitur
1290 2065 1327 2129 de
1349 2087 1457 2150 genere

337 2179 394 2242 hoe
416 2175 556 2241 indicabo
578 2181 699 2240 dantum
722 2177 861 2253 strictim,
885 2182 929 2254 ut,
955 2177 1008 2260 qui
1030 2177 1113 2257 velit,
1138 2200 1172 2242 ea
1195 2178 1329 2243 conferre
1352 2179 1455 2264 possit.

336 2291 491 2356 Videntur
520 2314 584 2356 esse
614 2297 704 2354 notae
734 2291 940 2356 Aristonieeae
972 2291 1009 2356 ed
1032 2298 1069 2353 θ.
1095 2295 1158 2355 189
1184 2292 1264 2378 (pag.
1292 2294 1366 2370 371,
1391 2293 1456 2378 18).

337 2431 366 2468 ν.
395 2409 435 2469 41
463 2402 506 2491 (Ρ.
533 2408 608 2481 450,
634 2405 700 2488 17).
732 2429 762 2466 κ.
790 2408 830 2468 56
857 2403 899 2491 (Ρ.
925 2407 1000 2481 451,
1026 2402 1071 2492 1).
1096 2430 1126 2467 κ.
1154 2408 1218 2469 354
1242 2403 1287 2496 (Ρ.
1311 2408 1387 2484 471,
1412 2405 1456 2495 5).

338 2516 368 2581 λ.
395 2523 438 2582 84
462 2520 502 2604 (Ρ.
527 2521 602 2596 483,
628 2515 684 2605 17)
709 2524 741 2581 et
763 2518 800 2582 de
823 2517 927 2582 eadem
949 2540 981 2582 re
1006 2516 1035 2581 λ.
1060 2523 1101 2583 90
1124 2522 1166 2605 (Ρ.
1188 2523 1263 2596 484,
1285 2520 1327 2604 5).
1349 2518 1456 2584 λ.115

338 2629 1456 2720 memnempnwnnmpnmne

339 2743 1457 2833 enpwnennenffnenimpemn

338 2855 1458 2945 n.mp.fflwnnniwmflmpwm

335 2997 369 3052 μ.
397 2974 437 3036 27
471 2972 513 3056 (Ρ.
540 2974 613 3048 531,
639 2970 686 3058 4).
716 2997 749 3050 μ.
778 2974 819 3034 52
851 2968 895 3058 (Ρ.
923 2971 1089 3054 53214).
1122 2997 1156 3051 μ
1184 2973 1224 3034 78
1251 2971 1291 3056 (Ρ.
1317 2973 1390 3049 536,
1416 2971 1459 3056 9).

337 3109 368 3147 ν.
396 3087 436 3146 25
462 3080 507 3169 (Ρ.
533 3087 607 3158 558,
633 3080 701 3169 17).
730 3105 760 3144 ν.
787 3085 863 3165 57(
850 3085 893 3166 (Ρ
917 3085 990 3158 559,
1016 3079 1122 3169 26).ν
1128 3085 1223 3145 .128
1247 3083 1287 3168 (Ρ
1307 3084 1460 3168 56519).

338 3191 756 3281 vwwmeffim
739 3191 1460 3283 Mmpwnvmpmm.

338 3308 375 3373 de
395 3331 456 3392 quo
473 3308 549 3384 loeo,
570 3330 606 3372 ex
627 3306 815 3393 postliminio
836 3307 1003 3384 emendato,
1023 3307 1084 3371 iam
1103 3310 1335 3394 supra‘egimue
1350 3333 1380 3372 ν.
1397 3313 1460 3372 223

341 3417 1461 3510 pmdempmdempmdem

339 3532 1463 3623 pmmnmpmmempmnee

340 3644 1461 3736 pmmnnpmmnmpmwem

340 3760 968 3850 pnmnmmnmn

384 3875 430 3939 Hi
459 3876 555 3960 igitur
584 3880 656 3939 sunt
684 3875 753 3952 loci,
787 3896 861 3958 quos
892 3872 1032 3956 equidem
1061 3872 1243 3958 investigare
1273 3874 1369 3959 potui,
1398 3873 1461 3958 qui,

340 4011 520 4074 quamquam
552 4013 569 4053 a
600 3987 745 4053 vocabulo
774 3987 825 4050 ὅτι
858 3985 1048 4071 incipientes,
1079 3985 1113 4050 in
1142 3985 1242 4051 indice
1264 3985 1462 4053 Dindorfiano

345 4221 563 4230 ——m—

375 4384 393 4444 ¹)
412 4385 462 4434 Ofr.
487 4382 581 4435 Scholia
605 4383 635 4432 ad
657 4381 727 4432 Iliad.
750 4381 780 4441 A,
798 4396 832 4432 vs.
852 4379 909 4440 270,
932 4378 976 4428 ὅτι
999 4377 1177 4446 παραλλήλους
1194 4377 1315 4445 τηλόθεν
1330 4378 1355 4434 ἐξ
1374 4378 1463 4446 ἀπίης.

341 4475 365 4524 οἱ
386 4473 417 4524 δὲ
435 4473 564 4542 νεώτερον
582 4472 738 4530 ἐξεδέξαντο
757 4476 808 4538 τὴν
826 4470 1043 4537 Πελοπόννησον.
1068 4469 1160 4522 Scholia
1184 4471 1279 4532 Veneta,
1302 4471 1338 4523 ed.
1361 4470 1462 4524 Bekker.

341 4584 366 4637 p.
386 4567 489 4626 enen.
509 4568 531 4620 1.
