3454 5330
838 909 889 972 lv.

349 1139 545 1206 Substantiva
576 1138 708 1206 verbalia
744 1139 777 1203 in
813 1163 875 1220 -μα
910 1137 1059 1222 exeuntia,
1090 1160 1166 1222 quae
1197 1138 1428 1204 deducuntura

302 1253 454 1320 radicibus
483 1255 516 1319 iu
546 1253 642 1320 vocab
672 1251 889 1331 desinentibus,
914 1274 1031 1339 semper
1052 1251 1085 1316 in
1108 1251 1233 1337 antiqua
1257 1252 1427 1321 Graecitate

302 1369 475 1456 producunt
496 1367 703 1456 penultimam.

842 1585 881 1653 V.

348 1799 430 1867 Male
451 1800 665 1890 Nipperdeius,
691 1823 720 1866 v.
745 1799 782 1864 cl.
806 1797 840 1864 in
863 1797 997 1865 Caesaris
1020 1798 1057 1863 B.
1084 1798 1122 1863 G.
1147 1797 1223 1864 VII.
1248 1821 1274 1863 c.
1300 1803 1330 1877 1,
1354 1801 1427 1866 reti-

304 1913 375 1979 nuit
396 1914 482 1980 codd.
507 1915 701 2001 scripturam:
721 1912 772 1977 ibi
792 1912 947 1998 cognoscit
966 1913 1004 1977 de
1023 1912 1123 1978 Clodii
1135 1913 1234 1991 caede,
1247 1919 1428 2000 senatusque

304 2029 442 2094 oonsrdto
472 2028 581 2094 certior
611 2028 719 2105 faetus,
749 2032 785 2091 ut
812 2049 914 2092 omnes
937 2023 1069 2091 iuniores
1095 2027 1203 2092 Italiae
1225 2026 1425 2106 commutent,

302 2147 369 2219 cat,
389 2147 489 2229 spreta
507 2140 596 2206 unice
615 2163 685 2206 vara
697 2139 769 2205 Aldi
781 2139 1004 2206 emendatione:
1023 2140 1068 2206 de
1084 2147 1266 2228 senatusque
1278 2143 1425 2210 consuito.

837 2357 888 2422 VI.

347 2571 387 2636 In
417 2569 572 2638 Ciceronis
599 2571 684 2638 Orat.
716 2592 770 2660 pro
800 2570 870 2637 Sex.
898 2567 1008 2637 Roscio
1030 2572 1175 2639 Amerino
1197 2595 1222 2638 c.
1247 2571 1305 2640 VI.
1331 2576 1349 2660 d
1375 2577 1426 2640 16.

305 2707 374 2771 pro:
411 2686 516 2759 Quum
550 2686 806 2773 proscriberentur
839 2686 976 2751 homines
1007 2691 1096 2773 atque
1127 2710 1164 2752 cx
1194 2688 1277 2753 omni
1306 2689 1428 2774 regione

303 2807 548 2885 caperentur
569 2799 603 2878 ii,
623 2799 677 2885 qui
697 2799 858 2865 adversarii
878 2799 972 2864 firisse
992 2799 1185 2886 putabantur,
1206 2801 1427 2866 emendandum

304 2917 366 2974 est:
390 2919 667 2999 carperentur.

833 3129 899 3192 VH.

346 3341 386 3406 In
409 3339 562 3407 Ciceronis
585 3337 749 3406 Vatiniana
772 3360 798 3434 a
823 3336 863 3406 V.
889 3342 907 3426 d
933 3342 984 3406 11.
1010 3338 1129 3408 Habeat
1151 3343 1208 3408 boc
1230 3346 1356 3434 praemii
1376 3354 1430 3413 tua

302 3456 479 3542 indignitas,
511 3461 547 3519 ut
578 3454 795 3520 adolescentiae
825 3455 984 3543 turpitudo
1014 3456 1199 3524 obscuritate
1229 3468 1259 3525 et
1291 3461 1429 3527 sordibus

303 3571 388 3635 tuis
411 3570 579 3656 obtegatur.
604 3569 666 3636 Pro
687 3570 773 3636 tuis
795 3571 956 3657 legendum
979 3577 1041 3640 est:
1067 3573 1162 3636 suis.

824 3787 903 3881 vm.

347 3998 386 4068 In
417 3998 571 4069 Ciceronis
601 3998 780 4105 Cluentiano
809 4022 834 4067 e.
866 3997 957 4067 XIV.
990 4001 1008 4089 d
1033 4004 1085 4070 41.
1110 4012 1171 4072 est:
1196 4003 1289 4073 Dium
1311 3984 1446 4074 tabulas¹

302 4115 438 4204 publicas
479 4117 585 4184 Larini
623 4117 803 4204 [censorias]
848 4112 1023 4206 eormpisse,
1058 4129 1115 4186 cet.
1158 4121 1329 4188 Delendum
1365 4129 1426 4189 est:

302 4251 521 4298 censorias.

835 4330 887 4398 IX.

346 4549 438 4635 Apud
467 4548 590 4619 Livium
613 4549 649 4617 L.
675 4543 733 4618 VI.
758 4573 783 4617 c.
808 4547 902 4617 XIII.
927 4547 992 4620 sine
1014 4575 1104 4621 sensu
1133 4549 1250 4621 editur:
1279 4551 1427 4643 Equitum
