3442 5330
788 657 829 718 17

241 848 478 924 Aristoniceum,
510 846 563 910 sed
595 866 722 928 quorum
754 845 923 908 accuratior
953 844 986 907 in
1017 845 1145 930 singulis
1177 845 1372 929 investigatio

241 961 437 1048 prolixiorem
471 958 709 1044 disputationem
745 964 890 1043 posceret,
926 980 1002 1042 quae
1037 959 1211 1044 posterioris
1247 960 1373 1024 fortasse

243 1097 333 1139 curae
364 1074 430 1138 erit.
464 1073 546 1136 Illud
578 1079 659 1136 certe
683 1070 813 1148 ostendi,
837 1071 929 1135 nimis
953 1093 1054 1138 severe
1076 1073 1269 1138 Dindorfium
1292 1073 1371 1137 iudi-

242 1211 327 1253 casse
360 1188 397 1252 de
428 1189 539 1272 exiguo
569 1187 830 1252 Aristoniceomm
861 1186 900 1250 ad
922 1187 1089 1272 Odysseam
1112 1185 1295 1252 scholiorum
1316 1209 1374 1251 nu·
1456 1213 1462 1224 ·

243 1323 328 1367 mero
351 1303 384 1366 in
406 1301 518 1365 nostris
542 1301 629 1364 codd.
652 1306 778 1365 servato.
805 1299 865 1363 Vel
884 1299 928 1364 sic
947 1299 975 1364 ei
986 1299 1117 1366 libenter
1128 1302 1268 1380 conceda,
1281 1301 1374 1366 etiam

244 1417 271 1480 si
297 1414 406 1492 omnia,
431 1437 506 1499 quae
529 1415 590 1478 huc
613 1414 693 1478 trahi
717 1413 845 1499 possint,
870 1434 961 1496 quam
984 1413 1207 1479 accuratissime
1226 1415 1259 1479 in
1278 1437 1374 1479 unum

245 1529 437 1613 colligantur,
471 1527 638 1592 Aristonici
666 1534 816 1604 notarum,
841 1526 867 1589 si
890 1548 959 1590 cum
979 1547 1088 1611 magua
1111 1527 1163 1591 illa
1186 1528 1223 1591 ad
1246 1528 1374 1592 Iliadem

247 1643 334 1728 copia
376 1648 596 1727 comparentur,
639 1663 798 1706 numerum
838 1641 1032 1726 perexiguum
1068 1648 1188 1706 tantum
1221 1642 1375 1707 hodiernis

246 1755 399 1838 Odysseae
423 1755 607 1820 scholiorum
631 1754 859 1819 collectionibus
883 1755 990 1819 inesse.
1015 1755 1118 1819 Etiam
1137 1755 1214 1819 illud
1234 1755 1321 1832 addo,
1342 1755 1375 1818 in

249 1868 423 1932 universum
456 1867 679 1932 observationes
708 1868 918 1952 grammaticas
943 1875 975 1932 et
997 1867 1126 1946 criticas,
1151 1869 1375 1955 proportione,

248 1981 345 2044 multo
379 1982 411 2045 in
446 1981 557 2045 nostris
592 1981 740 2045 minorem
773 2003 863 2065 quam
897 1981 930 2045 in
965 1981 1062 2046 Iliade
1093 1982 1192 2046 locum
1223 2004 1375 2069 occupare,

250 2117 319 2179 prae
350 2094 468 2179 ingenti
499 2093 696 2159 multitudine
720 2093 964 2159 observationum
992 2095 1258 2179 etymologicamm
1280 2104 1312 2160 et
1335 2095 1378 2160 al·

248 2207 446 2292 legoricamm
470 2213 502 2271 et
525 2207 698 2292 praesertim
719 2207 784 2271 eius
803 2208 932 2292 generis,
955 2229 1081 2291 quarum
1101 2215 1236 2273 auctores
1249 2206 1375 2272 λντικοὶ

251 2327 283 2383 et
314 2322 496 2384 ἐνστατικοὶ
531 2320 728 2407 appellantur.
762 2319 854 2391 Quod
887 2327 991 2384 utrum
1022 2321 1176 2386 codicibus
1208 2322 1249 2386 sit
1279 2323 1377 2408 impu-

251 2434 387 2510 tandum,
425 2457 463 2498 an
497 2457 532 2498 ea
565 2434 602 2499 de
633 2457 721 2498 cansa
755 2435 879 2511 factum,
914 2434 995 2518 quod
1028 2441 1143 2499 veteres
1177 2435 1275 2498 critici
1310 2432 1376 2519 plus

252 2570 340 2612 curae
362 2548 452 2613 Iliadi
476 2547 679 2633 impenderint
699 2570 789 2631 quam
808 2547 971 2631 Odysseae,
991 2570 1072 2612 nunc
1092 2548 1215 2631 quidem
1233 2548 1266 2610 in
1278 2547 1377 2611 medio

252 2660 399 2745 relinquo.
553 2747 556 2750 Ι

298 2775 345 2839 De
376 2775 477 2840 indole
509 2781 609 2839 autem
639 2773 829 2838 Scholiomm
861 2772 1021 2837 dicendum
1053 2779 1099 2836 est
1122 2772 1213 2850 idem,
1238 2773 1319 2856 quod
1339 2773 1376 2837 de

252 2888 399 2971 cuiusque
422 2889 539 2973 generis
562 2887 711 2972 farragine
734 2886 795 2951 diei
815 2892 930 2971 potest:
953 2885 1051 2949 inesse
1071 2885 1375 2962 bonactutilissima,

251 3001 350 3066 inesse
380 3001 470 3065 simul
502 3008 533 3065 et
566 3000 703 3087 pessima.
737 2999 828 3064 Valet
859 3000 916 3063 hoc
946 2999 1120 3085 praesertim
1145 3000 1286 3065 deuotis
1311 3005 1375 3064 τῶν

253 3111 396 3179 λντικὼν
429 3121 460 3178 et
490 3118 555 3178 τῶν
589 3115 804 3190 ἐνστατικῶν,
838 3112 948 3196 quibus
976 3113 1092 3191 insunt,
1118 3135 1243 3197 quarum
1264 3113 1378 3178 insulsa

252 3233 284 3290 et
314 3227 432 3292 inutilis
464 3227 631 3311 loquacitas
661 3250 723 3292 non
747 3226 854 3290 melius
880 3248 969 3310 quam
993 3249 1030 3290 ex
1054 3227 1216 3312 specimine
1239 3227 1378 3312 cognosci

253 3347 361 3425 potest.
386 3341 463 3404 llius
485 3341 581 3425 igitur
604 3341 722 3424 generis
739 3339 885 3405 nonnulla
904 3341 1061 3427 proferam.
1084 3341 1243 3419 Narratur,
1258 3367 1286 3424 ρ.
1302 3346 1377 3421 tea,

254 3453 395 3538 Ulyssem
413 3454 545 3518 mendici
568 3453 676 3518 habitu
697 3453 830 3518 ludibrio
853 3453 957 3518 haberi
981 3454 1018 3518 ab
1042 3454 1187 3526 Antinoo,
1214 3455 1262 3517 cui
1284 3476 1375 3536 quum

252 3568 445 3632 insolentiam
468 3568 718 3655 exprobravisset,
743 3569 838 3632 iratus
861 3568 1015 3631 Antinous
1039 3568 1098 3632 ita:

303 3737 383 3811 „vira
409 3729 447 3810 δὴ
475 3730 599 3815 (inquit)
626 3736 654 3792 α’
679 3729 788 3793 οὐκέτι
814 3727 898 3790 καλὰ
923 3726 993 3790 διὲκ
1016 3732 1169 3811 μεγάροιό
1193 3735 1224 3804 γ’
1248 3729 1305 3791 ὀΐω

300 3848 352 3926 ἄψ
376 3844 613 3928 ἀναχωρήσειν,
638 3846 690 3907 ὅτε
716 3843 753 3923 δὴ
780 3844 834 3904 καὶ
858 3840 989 3905 ὀνείδεα
1012 3841 1157 3927 ‘idicens'

346 3958 388 4031 ὣς
411 3961 465 4041 ἂρ’
490 3957 565 4040 ἔφη,
591 3959 645 4020 καὶ
671 3964 799 4040 θρῆνυν
824 3953 908 4020 ἑλὼν
933 3953 1011 4039 βάλε
1037 3953 1143 4028 δεξιὸν
1168 3947 1256 4036 ὦμον

267 4113 271 4122 .
303 4077 532 4155 πρυμνότατον
557 4073 642 4134 κατὰ
667 4074 773 4134 νῶτον
798 4079 855 4136 cet.

260 4247 295 4310 ad
326 4269 403 4330 quae
433 4255 480 4311 est
507 4247 651 4311 Scholion
682 4270 720 4310 ex
753 4247 792 4318 Q.
824 4246 1015 4311 huiusmodi:
1049 4247 1211 4325 εἰώθαμεν
1245 4246 1279 4307 ἐν
1306 4251 1376 4318 ταῖς

259 4359 370 4440 ὀργαῖς
396 4361 523 4443 ῥίπτειν
548 4362 564 4421 ὃ
590 4361 642 4421 ἐπὶ
669 4365 774 4444 χεῖρας
800 4359 926 4445 ἔχομεν.
953 4359 1021 4421 Hoc
1043 4358 1163 4421 demum
1187 4365 1233 4421 est
1257 4381 1302 4422 res
1326 4383 1378 4423 ex-

261 4473 382 4558 plicare!
415 4475 505 4538 Peius
533 4474 623 4538 etiarn
655 4482 710 4551 est,
738 4473 791 4538 uhi
815 4472 999 4538 Scholiastae
1022 4471 1197 4536 suavissime
1220 4495 1289 4536 cum
1314 4474 1379 4538 Ho-

261 4610 341 4652 mero
364 4588 578 4672 colloquuntur
596 4589 629 4652 iu
653 4589 734 4652 hunc
757 4589 889 4653 modurn.
915 4587 1067 4651 Admonet
1089 4585 1208 4650 Athena
1228 4585 1378 4672 Ulyssem,

1233 4709 1246 4748 ν
