3442 5330
866 643 906 702 26

337 828 561 894 emendationes
584 849 665 892 meas
688 836 861 914 pmpouam,
884 828 922 892 de
944 827 1098 892 nonnullis
1120 826 1327 891 huiuscemodi
1350 825 1454 910 dispu-
1505 821 1509 828 ’

331 943 456 1019 tabitnr,
481 964 518 1005 ex
540 941 664 1025 reliquis
688 941 805 1027 potiora
826 963 908 1005 nunc
929 940 1073 1004 tractabo,

374 1057 483 1141 Odyss.
510 1055 538 1120 δ.
564 1061 605 1120 90
638 1077 720 1139 seqq.
752 1055 909 1120 Menelaus
937 1055 1116 1119 Telemacho
1138 1060 1169 1118 et
1191 1053 1351 1118 Pisistrato
1373 1052 1452 1116 inter

333 1171 391 1234 alia
413 1170 508 1234 multa
530 1169 602 1234 haec
624 1176 726 1234 narrat
747 1169 785 1232 de
807 1169 908 1232 fratris
931 1169 1036 1232 caede:

376 1277 440 1356 εἷος
466 1282 528 1360 ε’μὼ
554 1285 626 1365 περί
652 1289 745 1346 κεῖνα
772 1282 896 1368 (circum
916 1283 1099 1368 Aegyptum,
1111 1280 1240 1365 Libyam
1252 1281 1322 1364 etc.)
1347 1277 1451 1342 πολθν

1096 1391 1225 1481 (βίοτον
1251 1394 1451 1475 συναγείρων

377 1508 523 1592 ἠλώμην,
550 1510 639 1583 τείως
664 1533 717 1589 μοι
743 1505 902 1589 ἀδελφεὸν
926 1505 1029 1581 ἄλλος
1053 1506 1207 1589 ἔπεφνεν,
1286 1505 1288 1510 ’

375 1622 496 1708 λάθρῃ,
521 1622 669 1700 οἰνωϊστί,
697 1619 781 1704 δόλῳ
806 1619 985 1704 οὐλομένης
1009 1619 1154 1706 οἷλόχοιο·
1238 1665 1244 1673 -

374 1739 417 1810 ὣς
443 1737 526 1825 (mel.
551 1735 609 1825 ὡς)
633 1738 704 1800 οὔτι
731 1737 851 1820 χαίρων
877 1733 983 1799 τοῖσδε
1009 1740 1196 1798 κτεάτεσσιν
1220 1732 1361 1798 οίνάσσω.

329 1851 378 1914 ld
408 1852 463 1915 hos
495 1873 598 1914 versus
620 1851 693 1914 hacc
715 1849 875 1914 observant
898 1849 1075 1913 scholiastae
1097 1848 1130 1912 in
1153 1848 1189 1911 M
1212 1855 1243 1911 ct
1266 1847 1305 1929 Q.
1330 1844 1451 1929 λάθρη,

330 1964 486 2026 οίνωϊστίι
520 1961 680 2034 ἐπίτασις.
715 1964 828 2045 συχνοί
859 1963 919 2042 μὲν
952 1963 1013 2044 γάρ
1043 1964 1097 2024 καί
1123 1959 1232 2045 λάθρᾳ
1257 1938 1453 2044 ἐπεβουλεύ-

332 2084 439 2157 θησαν
472 2079 777 2157 προῦπονοήσαντες
811 2075 885 2148 rode
914 2075 1065 2158 ἐχθροδς,
1098 2077 1170 2157 περὶ
1196 2075 1252 2138 τὸν
1277 2075 1391 2155 καιρὸν
1417 2071 1451 2136 δὲ

332 2187 523 2270 σφαλέντες,
549 2191 666 2251 τοῦτον
691 2185 725 2250 δι’
750 2185 824 2250 οὐδὲ
851 2187 986 2252 ἔννοιαν
1012 2186 1128 2272 λαβεῖν
1154 2210 1230 2270 φησι
1252 2189 1307 2250 τοῦ
1329 2185 1451 2264 δεινοῦ,

260 2360 264 2368 .
332 2304 367 2365 τὸ
393 2301 426 2365 δὲ
451 2303 513 2365 ὑπὸ
539 2307 593 2380 τῆς
619 2305 816 2383 πιστοτάτης
842 2299 1078 2384 ἐνεδρευθῆναι
1104 2304 1158 2364 καί
1180 2300 1386 2385 προδοθῆναι
1408 2309 1453 2384 τῷ

329 2425 421 2501 μνχῲ
446 2419 511 2479 τῶν
538 2413 669 2479 δεινῶν.
697 2415 809 2508 Deerat
827 2415 860 2478 in
881 2416 912 2485 Q
931 2421 1250 2498 προϋπονοησαντες,
1272 2437 1332 2499 quo
1344 2416 1454 2479 omisso

330 2531 415 2595 deest
437 2529 528 2594 simul
549 2528 686 2605 verbum,
712 2529 792 2594 unde
815 2529 1002 2593 accusativus
1026 2530 1115 2606 ,τούς
1140 2528 1288 2612 ἐχθροδς’
1309 2529 1452 2614 pendeat3

262 2683 265 2687 ·
330 2627 422 2709 simul
456 2666 509 2728 pro
542 2645 657 2706 τοῦτον
690 2641 820 2706 hahebat
851 2642 945 2706 codex
976 2641 1027 2706 ille
1059 2649 1189 2720 τοιίτοο,
1222 2643 1303 2726 quod
1326 2642 1455 2708 correxit

330 2758 546 2833 Buttmannus‚
579 2756 767 2820 confirmavit
794 2761 898 2841 postea
920 2755 965 2818 M.
991 2755 1050 2820 His
1073 2763 1174 2820 autem
1197 2755 1346 2820 restitutis
1368 2758 1454 2840 equi-

330 2872 399 2935 dem
430 2870 565 2934 scholion
595 2871 663 2934 lnce
693 2870 802 2933 clarius
834 2869 984 2946 existimo,
1015 2875 1045 2934 et
1076 2869 1120 2933 sic
1141 2868 1367 2954 explicandum:
1393 2869 1454 2934 illis

330 2990 435 3068 poetae
457 2982 573 3047 verbis:
600 2981 722 3065 λάθρη,
747 2981 896 3059 οἶνωϊστί,
922 2978 1006 3062 δόλῳ
1030 2979 1206 3063 οὐλομένης
1230 2981 1362 3066 α’λόχοιο
1386 3004 1454 3067 gra-

330 3095 483 3159 dationem
519 3094 670 3177 quandam
706 3093 881 3178 (ἐπίτασις)
920 3100 952 3158 et
987 3095 1073 3177 quasi
1107 3095 1307 3160 intentionem
1341 3097 1454 3162 inesse:

329 3207 434 3271 multis
457 3207 539 3271 enim
562 3207 638 3270 clam
661 3207 787 3271 insidias
812 3228 876 3271 esse
899 3209 1039 3283 structas,
1059 3207 1115 3272 sed
1135 3206 1187 3283 ita,
1209 3214 1244 3271 ut
1263 3209 1455 3293 soirentqui-

330 3321 400 3385 dem
422 3320 562 3385 inimicos
587 3320 646 3384 sibi
669 3320 819 3398 insidiari,
846 3318 1021 3408 (προϋπον.
1048 3322 1123 3395 roda
1147 3319 1259 3410 ἔχθη.)
1283 3322 1456 3407 ignorarent

330 3457 410 3511 vero,
442 3456 502 3518 quo
532 3433 675 3520 temporis
707 3433 933 3520 opportunitate
961 3457 1012 3498 eae
1043 3434 1172 3500 insidiae
1201 3436 1316 3500 fierent.
1347 3435 1396 3523 (π.
1423 3462 1452 3499 τ.

332 3552 445 3632 καιρὸν
480 3546 514 3611 δεΙ
550 3541 664 3633 ocul.)
691 3585 736 3594 —
769 3547 924 3620 Hactenus
947 3549 1136 3635 paraphrasis
1160 3555 1206 3612 est
1228 3549 1366 3614 vocabuli
1391 3550 1457 3614 Ho-

331 3663 435 3728 merici
467 3660 586 3745 λάθρη.
621 3699 665 3709 -
699 3662 758 3726 Sed
791 3662 875 3747 peius
904 3663 1006 3740 ctiam,
1041 3663 1141 3748 pergit
1175 3663 1351 3740 Scholiasta,
1386 3686 1455 3729 oum

333 3779 559 3862 Agamemnone
593 3779 694 3841 actum
727 3782 782 3840 est.
817 3777 900 3840 Nam
933 3797 971 3840 ne
1005 3776 1150 3860 suspicari
1189 3776 1311 3859 quidem
1345 3777 1454 3864 potuit,

330 3892 402 3954 haec
424 3889 483 3953 sibi
507 3890 584 3953 mala
608 3911 625 3952 a
648 3910 800 3972 quoquam
820 3888 1002 3975 impendere.
1030 3886 1160 3975 (τοῦτον
1181 3887 1453 3955 tractatarum

331 4002 446 4089 λαβεῖν
479 4026 555 4085 φησι
591 4002 760 4087 (Menelaus
784 4001 861 4087 scil.)
895 4005 951 4063 τοῦ
976 3999 1108 4086 δεινοῦ).
1140 4002 1242 4067 Esne
1266 4002 1455 4089 sicquidem

331 4117 403 4181 satis
426 4138 583 4204 perpessus
607 4122 653 4180 est
675 4115 872 4180 miseriarum.
897 4115 978 4179 Nam
1001 4137 1071 4179 cum
1094 4116 1247 4201 proditum
1270 4139 1334 4181 esse
1356 4124 1388 4183 et
1405 4118 1454 4182 in-

330 4232 491 4295 terfectum
511 4230 548 4295 ab
567 4230 633 4316 ipsa
651 4251 745 4294 uxore
765 4226 816 4314 (τὸ
835 4227 898 4290 ὑπὸ
919 4235 975 4308 τῆς
996 4251 1123 4292 πιστοτ.
1138 4226 1325 4317 ἐνεδρενθ.)
1344 4231 1453 4313 „hoe”

330 4380 375 4390 -—
398 4350 434 4407 ut
457 4343 638 4408 Buttmanni
661 4341 909 4428 interpretationd
931 4348 1009 4420 utar,
1029 4379 1074 4389 -
1094 4342 1148 4425 „in
1160 4342 1277 4407 intimis
1289 4343 1455 4408 recessibus

331 4455 491 4521 infortunii
516 4457 688 4542 ponendum
713 4454 790 4521 est.''
815 4453 896 4518 Satis
919 4462 999 4534 suut,
1024 4457 1139 4543 opinor,
1159 4457 1232 4521 haec
1250 4457 1406 4543 perspicua
1424 4463 1455 4522 et

331 4574 441 4654 aperta.
467 4569 529 4633 Sed
550 4570 680 4634 mutavit
698 4576 801 4656 postea
821 4569 1001 4634 sententiam
1020 4569 1235 4646 Buttmannus,
1255 4569 1458 4637 inAddendis
