3442 5330
887 645 929 706 40

392 829 531 894 Fortasse
561 830 652 897 etiam
687 827 812 894 delenda
835 834 907 893 sunt
938 826 968 893 θ.
995 833 1076 893 186:
1113 829 1204 895 κλαῖε
1228 835 1286 913 μὲν
1324 832 1468 918 Ἀργείη

349 944 468 1025 Ἑλένη
492 943 701 1008 --κλαῖε
728 941 762 1008 (λε’
789 940 978 1028 Τηλέμαχός
1001 968 1035 1006 τε
1062 945 1116 1007 καὶ
1145 943 1326 1030 Ἀτρείδης
1360 945 1470 1013 Μενέ-

351 1059 441 1138 λαος,
471 1057 636 1144 οὐθ’-ἄρα
668 1055 837 1140 Νέστορος
864 1058 933 1132 οἷὸς
955 1054 1127 1140 ἀδακρύτω
1157 1056 1231 1143 ἔχεν
1254 1060 1339 1138 ὄσσε,
1365 1060 1469 1138 iniis,

350 1197 426 1260 quac
453 1173 591 1239 observat
613 1171 789 1237 scholiasta:
812 1173 855 1252 μὴ
879 1167 989 1234 θέλων
1011 1167 1170 1248 πολλάκις
1194 1169 1302 1249 λέγειν
1328 1174 1364 1235 τὸ
1390 1172 1469 1236 αὐτὸ

353 1290 439 1372 [ἤτοι
472 1291 507 1350 τὸ
540 1283 648 1371 κλαῖε]
685 1282 729 1349 δι’
761 1282 866 1348 ἄλλον
898 1289 1019 1368 τρόπον
1052 1286 1141 1367 φησί,
1178 1309 1214 1352 ea
1244 1309 1321 1372 quae
1352 1286 1469 1365 induxi,

349 1425 419 1467 nam
442 1399 598 1487 pueriliter
616 1399 779 1464 admodum
801 1397 967 1464 abundant.

394 1514 513 1581 Certior
542 1535 589 1580 res
620 1516 667 1577 est
688 1513 721 1578 in
744 1511 857 1578 scholio
879 1511 1015 1598 longiore
1039 1512 1076 1576 ad
1101 1537 1128 1591 ε,
1156 1517 1230 1592 118,
1255 1513 1308 1578 ubi
1332 1511 1470 1600 Calypso,

350 1653 366 1694 a
388 1627 502 1693 Hermo
525 1626 634 1692 certior
654 1627 733 1691 lacta
754 1625 792 1691 de
815 1625 939 1690 deorum
962 1625 1091 1711 decreto,
1115 1633 1151 1690 ut
1170 1625 1313 1713 Ulyssem
1322 1627 1471 1714 proficisci

249 1819 255 1828 x
350 1743 471 1820 sineret,
504 1763 554 1807 eos
585 1739 770 1816 criminatur,
802 1745 839 1803 ut
869 1738 936 1804 aliis
968 1745 998 1803 et
1030 1737 1089 1803 sibi
1120 1739 1301 1818 invidentes,
1335 1740 1372 1805 ad
1396 1763 1471 1825 quos

280 1919 281 1924 ,
349 1877 452 1921 versus
475 1856 667 1919 ἐνστατικοῦ
692 1851 818 1917 alicuius
842 1859 1019 1937 argumenta
1041 1854 1208 1918 afferuntur
1230 1860 1261 1917 et
1283 1853 1470 1918 refelluntur.

350 1968 465 2054 Incipit
499 1965 634 2032 scholion
667 1966 726 2030 ita:
764 1963 1048 2050 ε’πιλαμβάνονταί
1084 1990 1171 2040 τινες
1203 1973 1258 2048 τῆς
1290 1965 1471 2049 Καλυψοῦς

352 2076 530 2164 διαρρήδην
555 2077 836 2163 οἰναισηοντοιλσης
859 2083 891 2141 et
913 2099 989 2160 quae
1012 2085 1189 2162 sequuntur.
1210 2078 1423 2165 Respondetur
1435 2081 1472 2145 ad

350 2193 403 2258 lias
434 2191 658 2257 criminationes
690 2192 740 2254 ὅτι
765 2189 801 2254 οὐ
826 2188 882 2252 διὰ
908 2193 943 2254 τὸ
969 2189 1152 2255 κωλύεσθαι
1177 2191 1373 2268 εὐνάζεσθαι
1398 2215 1472 2278 σχε-

352 2305 489 2384 τλιάζει,
523 2302 609 2368 α’λλά
642 2302 697 2369 θιολ
721 2304 756 2367 τὸ
782 2301 994 2394 εὐλαβεῖσθαι
1017 2309 1059 2387 μὴ
1085 2302 1170 2388 ζήλῳ
1194 2311 1239 2390 τῷ
1263 2311 1343 2390 πρὸς
1367 2305 1469 2388 αὐτὴν

351 2420 568 2484 ἀποκτείνωσι
596 2417 654 2507 (dii
677 2420 797 2504 nempe)
821 2417 878 2483 τὸν
902 2415 1082 2497 Ὀδυσσέα,
1107 2419 1193 2484 cuius
1212 2419 1364 2507 opinionis
1376 2419 1472 2486 multa

351 2535 542 2620 adducuntur
564 2537 748 2618 argumenta.
772 2530 891 2596 Deinde
913 2530 957 2595 ita
978 2531 1093 2617 porgit:
1126 2535 1180 2596 καλ
1206 2535 1323 2598 τούτου
1347 2534 1468 2624 πίστις,

356 2651 426 2736 [τοῦ
456 2651 498 2729 μὴ
531 2646 586 2714 διά
618 2652 727 2720 πάθος
759 2646 892 2730 αἶσχρὸν
918 2642 1137 2731 σχετλιάζειν]
1166 2646 1201 2709 τὸ
1225 2645 1358 2730 ἑτοίμως
1383 2646 1469 2732 ἔχειν

352 2761 559 2844 ἀποπέμπειν
584 2767 641 2826 eto.
664 2760 704 2823 In
725 2759 774 2824 bis
797 2758 897 2836 verba,
923 2780 999 2845 quae
1021 2758 1141 2824 uncinis
1159 2759 1280 2838 inclusi,
1299 2783 1361 2826 non
1374 2761 1472 2826 solum

351 2877 507 2941 abundant
527 2880 559 2940 et
581 2874 733 2961 explicant
757 2896 802 2951 ea,
828 2893 957 2956 quorum
976 2894 1064 2937 nemo
1081 2873 1209 2958 requirit
1228 2873 1468 2960 explicationem,

351 3028 395 3037 -
418 2989 499 3074 quod
522 2987 555 3052 in
577 2986 724 3052 eiusmodi
749 2986 945 3073 scriptoribus
968 3007 1029 3051 non
1052 2987 1125 3051 satis
1150 3009 1255 3052 causae
1278 2994 1325 3053 est
1347 2989 1385 3054 ad
1409 3011 1471 3054 em-

351 3102 449 3167 blema
471 3099 667 3186 arguendum,
691 3137 735 3146 -
757 3100 810 3164 sed
829 3121 972 3186 perquam
992 3099 1180 3165 incommode
1198 3099 1377 3188 interposita
1388 3109 1470 3180 sunt,
1515 3137 1519 3146 ·

351 3216 396 3280 ita
424 3220 469 3291 ut,
502 3235 578 3297 qnae
609 3212 774 3278 arctissime
801 3213 987 3291 cohaereant,
1012 3235 1080 3278 cum
1104 3215 1271 3280 sententiae
1293 3216 1403 3282 damno
1425 3239 1471 3282 se-

352 3334 502 3416 parentur.

397 3467 421 3507 ε.
454 3445 528 3506 295.
559 3462 596 3504 ex
627 3462 687 3525 quo
717 3438 840 3517 scholio,
873 3445 1020 3527 utsupra
1045 3443 1085 3530 (p.
1113 3439 1169 3529 36)
1194 3441 1371 3528 significavi,
1394 3442 1472 3509 Din-

352 3556 463 3622 dorfius
486 3553 720 3642 dittographiam
743 3552 838 3636 ὖγρός
861 3551 907 3618 ὢν
934 3553 965 3641 (l.
991 3555 1045 3641 20)
1070 3555 1168 3634 eiecit,
1188 3562 1220 3620 et
1232 3555 1313 3622 aliud
1324 3556 1472 3624 emblema

353 3669 533 3738 eiiciendum
557 3675 611 3733 est.
636 3667 738 3732 Verba
761 3666 889 3734 Homeri
911 3669 984 3736 haec
1006 3678 1093 3735 sunt:

420 3785 477 3850 σάν
503 3782 534 3846 θ’
558 3773 662 3868 Εὖρός
687 3806 719 3846 τε
744 3784 856 3857 Νότος
879 3789 908 3846 τ’
933 3782 1025 3848 ἔπεσε
1049 3781 1196 3867 Ζέφυρός
1220 3809 1252 3848 τε
1278 3783 1399 3866 δνσαης

420 3901 475 3962 καὶ
500 3895 629 3982 Βορέης
654 3895 902 3981 αι’θρηνενέτης,
926 3895 1010 3979 μέγα
1036 3900 1119 3979 κῦμα
1146 3897 1323 3978 κνλλνδων,

352 4014 390 4079 ad
420 4013 493 4078 haec
524 4010 698 4076 scholiasta:
729 4013 788 4090 τὴν
812 4009 907 4083 τάξιν
932 4008 1084 4074 αὐτῶνθ
1106 4015 1242 4095 ποιητὴς
1266 4015 1309 4085 ὥς
1333 4011 1399 4097 ἔχει
1424 4011 1470 4076 δη.

353 4127 465 4211 ἔθηκε.
492 4131 615 4192 τούτων
640 4127 701 4206 γάρ
727 4122 913 4214 (ventorum)
936 4125 1036 4205 ὁμὲν
1060 4122 1125 4188 α’πὸ
1145 4122 1308 4207 ἀνατολῆς
1320 4127 1470 4209 ὁρμᾶται,

352 4246 369 4306 ό
393 4239 426 4306 δὲ
451 4239 516 4304 elno*
535 4239 747 4326 μεσημβρίας,
771 4240 789 4300 o‘
812 4235 846 4302 (li
874 4233 1041 4322 [ζέφυρος]
1065 4236 1280 4319 ἀποδόσεως,
1305 4242 1323 4304 ό
1346 4237 1381 4303 δὲ
1405 4239 1470 4304 α’πὸ

350 4357 486 4437 ἄρκτον.
511 4354 554 4417 Et
575 4353 658 4431 haec,
682 4351 779 4430 credo,
804 4349 980 4438 probatione
1002 4373 1064 4417 non
1086 4360 1184 4437 egent.

394 4465 444 4530 Ad
474 4491 500 4530 ε.
528 4469 602 4544 313,
633 4466 676 4540 ὡς
707 4467 773 4548 ἄρα
801 4488 858 4546 μιν
889 4465 1013 4532 εΐπόντ’
1038 4463 1154 4530 ἔλασεν
1177 4463 1260 4548 μέγα
1287 4467 1370 4547 κῦμα
1396 4471 1470 4528 κατ’

348 4581 463 4663 ἄκρης,
496 4580 569 4646 haec
595 4579 739 4645 habemus
762 4576 889 4644 scholia:
914 4577 962 4644 Ex
984 4579 1078 4653 BPQ.
1104 4579 1155 4654 ὥς.
1172 4580 1277 4662 φαμὲν
1304 4584 1470 4666 κατάκρας
