3442 5330
888 643 908 702 2

332 847 446 889 causae.
470 823 537 888 Iam
560 823 691 909 primum
714 823 795 888 enim
814 822 915 909 ipsum
938 823 995 886 hoc
1015 823 1193 909 excerpendi
1212 822 1368 908 negotium
1388 844 1454 886 cor-

333 938 458 1024 ruptelis
489 961 577 1003 omne
607 960 701 1023 genus
726 959 828 1001 ansam
852 936 946 1000 dedit.
971 936 1090 1000 Deinde
1113 937 1188 1000 haec
1210 942 1348 1022 excerpta
1371 935 1454 1000 codi-

333 1072 402 1114 cum
425 1051 611 1136 marginibus
635 1055 720 1116 erant
742 1050 920 1136 adaptanda,
945 1049 978 1113 id
1002 1055 1056 1127 est,
1081 1049 1222 1136 pleraque
1242 1048 1454 1113 minutissimis

332 1161 460 1226 literulis
483 1169 515 1226 et
537 1185 590 1249 per
611 1162 788 1248 compendia
812 1162 964 1246 siglasque
983 1161 1187 1237 intricatiores
1207 1161 1318 1248 scripta
1334 1161 1367 1225 in
1386 1161 1454 1224 bre-

238 1343 242 1352 ,
333 1275 489 1340 vissimum
513 1276 644 1362 spatium
667 1275 853 1340 coarctanda.
878 1275 1015 1352 Accedit,
1041 1275 1123 1358 quod
1144 1274 1218 1338 haec
1240 1275 1302 1338 iam
1321 1272 1456 1357 antiqui-

332 1394 382 1452 tus
412 1389 528 1454 minore
559 1411 639 1466 cura,
664 1411 753 1472 quam
773 1389 837 1474 ipse
862 1389 988 1453 Homeri
1011 1395 1122 1466 textus,
1147 1387 1341 1473 transscripta
1365 1393 1396 1450 et
1418 1385 1455 1450 ab

332 1500 480 1586 imperitis
503 1501 609 1566 scribis
633 1501 773 1580 omnibus
798 1501 896 1566 modis
921 1501 1105 1588 perturbata,
1127 1501 1291 1578 decurtata,
1304 1505 1454 1585 corrupta,

333 1614 366 1677 in
389 1613 500 1679 talibus
523 1614 677 1708 codicibus
701 1613 790 1679 nobis
810 1621 927 1678 servata
944 1620 1026 1694 sunt,
1047 1635 1175 1696 quorum
1194 1635 1297 1697 margo
1315 1611 1452 1688 detritus,

334 1727 480 1812 scriptura
503 1727 614 1813 pallida
636 1734 667 1792 et
691 1728 753 1792 situ
776 1750 810 1790 ac
833 1727 954 1792 madore
977 1726 1103 1791 evanida
1128 1749 1214 1812 saepe
1237 1726 1286 1789 sit.
1315 1725 1366 1788 Ad
1387 1726 1452 1800 hoc,

333 1839 385 1922 qui
415 1839 470 1903 hos
502 1841 619 1904 codices
650 1840 740 1925 primi
771 1840 858 1905 cdere
891 1845 1095 1925 susceperim,
1115 1839 1256 1925 plerique
1278 1837 1456 1924 gravissimo

331 1952 453 2035 negotio
476 1952 563 2038 plane
581 1953 709 2038 impares
729 1952 823 2016 fuisse
844 1952 998 2017 iudicandi
1018 1959 1103 2030 sunt,
1126 1951 1342 2038 posterioribus
1355 1957 1455 2016 autem

331 2063 508 2142 editoribus,
527 2065 562 2128 in
581 2064 817 2128 Scholiastarum
837 2064 942 2148 lingua
963 2064 1058 2148 magis
1071 2065 1207 2142 versatis,
1219 2087 1306 2151 saepe
1318 2064 1455 2128 codicum

333 2175 581 2240 excutiendorum
602 2177 727 2240 facultas
751 2177 857 2242 defuit.
883 2178 934 2241 Sic
957 2178 1148 2255 factumest,
1173 2185 1209 2241 ut
1232 2178 1323 2242 etiam
1346 2178 1378 2240 iu
1402 2198 1457 2262 op-

332 2288 415 2353 timis
446 2312 480 2352 ao
511 2289 725 2354 recentissimis
756 2289 941 2355 editionibus
973 2290 1094 2355 Scholia
1125 2291 1283 2375 utriusque
1314 2289 1454 2355 carminis

332 2400 469 2486 pluribus
492 2402 567 2466 locis
590 2425 681 2467 sensu
703 2403 850 2468 destituta
872 2402 1021 2488 legantur.

378 2514 478 2584 Quam
500 2515 596 2580 multa
615 2523 715 2580 autem
739 2517 814 2581 vitia
838 2517 1021 2581 accuratiore
1044 2516 1182 2580 codicum
1205 2516 1363 2581 collatione
1387 2514 1454 2579 tolli

333 2627 458 2712 possint,
491 2629 654 2694 declaravit
685 2630 722 2694 ad
752 2629 880 2694 lliadem
908 2629 1087 2715 Pluygersii,
1112 2652 1141 2694 v.
1166 2628 1202 2694 cl.
1228 2629 1393 2715 disputatio
1420 2627 1456 2710 ¹).

333 2739 393 2804 Vel
423 2741 466 2805 sic
495 2742 589 2806 multa
617 2749 732 2808 restant
756 2743 896 2808 omnibus
920 2742 1074 2807 codicibus
1094 2742 1274 2826 antiquiora,
1298 2748 1330 2805 et
1351 2764 1388 2805 ex
1407 2740 1456 2806 in·

330 2854 420 2937 genio
452 2861 580 2933 tantum,
613 2863 649 2921 ut
673 2856 768 2934 aiunt,
792 2857 825 2921 id
849 2863 895 2920 est
919 2856 1110 2933 coniecturis,
1135 2855 1168 2919 in
1191 2856 1344 2940 integrum
1368 2853 1456 2917 resti-

330 2967 452 3031 tuenda.
486 2968 578 3038 Quod
609 2969 695 3052 quale
726 2969 776 3046 sit,
809 2968 942 3032 ostendit
970 2969 1004 3032 in
1026 2968 1156 3031 Scholiis
1181 2968 1219 3032 ad
1241 2967 1369 3031 Iliadem
1391 2967 1455 3052 ipse

329 3080 484 3158 Lehrsius,
518 3081 680 3167 propositis
704 3082 737 3145 in
761 3080 1003 3166 corruptissimos
1029 3080 1144 3164 aliquot
1164 3080 1246 3144 locos
1268 3079 1454 3144 emendatio-

330 3191 430 3271 nibus,
461 3194 563 3279 paucis
594 3193 655 3258 illis
687 3194 820 3278 quidem,
853 3194 906 3258 sed
929 3194 1016 3280 plane
1039 3192 1177 3278 egregiis.
1203 3192 1329 3258 Prorsus
1352 3197 1453 3257 autem

331 3306 412 3370 idem
442 3308 539 3372 valere
574 3308 611 3372 de
634 3307 763 3371 Scholiis
788 3309 826 3372 ad
848 3308 1023 3392 Odysseam,
1049 3307 1092 3371 ita
1117 3311 1152 3371 ut
1174 3307 1265 3371 ctiam
1288 3306 1321 3370 in
1343 3327 1455 3392 nuper-

330 3419 405 3484 rima
428 3426 459 3483 et
481 3421 595 3507 optima
613 3421 765 3486 Dindorfii
790 3422 924 3486 editione
947 3421 1095 3508 permulta
1115 3429 1254 3507 corrupta
1274 3419 1454 3485 coniecturis

331 3533 429 3598 sanari
448 3540 479 3597 et
500 3533 628 3599 debeant
647 3538 678 3598 et
697 3534 874 3621 possint,
894 3535 958 3621 ipse
970 3557 1007 3600 ex
1018 3535 1158 3620 diligenti
1170 3544 1201 3600 et
1212 3534 1340 3621 repetita
1350 3555 1453 3598 eorum

329 3646 458 3711 lectione
481 3646 626 3722 intellexi.
652 3647 720 3711 Hoc
742 3656 844 3713 tamen
866 3655 1050 3735 postremum
1076 3648 1163 3712 aliter
1185 3648 1286 3712 evenit
1309 3670 1343 3711 ao
1365 3652 1453 3732 puta-

330 3782 439 3824 veram.
471 3760 553 3825 Nam
584 3784 679 3846 quum
705 3762 837 3848 primum
860 3763 932 3827 haec
954 3763 988 3826 in
1011 3761 1177 3846 Odysseam
1199 3760 1320 3825 Scholia
1343 3759 1453 3825 disser-

328 3872 453 3938 tationis
476 3882 689 3959 argumentum
712 3875 821 3942 haberc
845 3876 1052 3952 decrevissem,
1076 3876 1109 3939 in
1132 3875 1232 3938 animo
1255 3880 1328 3952 erat,
1352 3911 1397 3921 -—
1418 3879 1451 3937 ut

330 3991 458 4056 solemus
481 3992 604 4057 iuvenes
627 3994 729 4057 omnia
752 3998 835 4057 vasta
858 3993 958 4057 animo
981 3991 1145 4077 concipere,
1170 4027 1215 4037 —
1240 3989 1277 4052 dc
1300 3987 1366 4052 aliis
1386 4008 1451 4052 om-

328 4103 418 4169 nibus
448 4127 544 4192 agere,
570 4105 607 4168 de
630 4105 810 4170 auctoritate
833 4105 1033 4182 Scholiorum,
1058 4105 1096 4168 dc
1118 4101 1350 4178 necessitudine,
1376 4122 1451 4184 quae

326 4217 406 4283 inter
428 4219 511 4286 varia
533 4240 636 4284 eorum
658 4241 767 4303 genera
789 4218 964 4297 intercedat,
989 4217 1027 4282 de
1051 4217 1146 4302 signis
1171 4216 1295 4295 criticis,
1319 4218 1351 4279 et
1374 4236 1450 4297 quae

363 4492 381 4552 ¹)
399 4495 433 4544 Dc
456 4494 591 4543 Carminum
614 4493 794 4544 Homericornm
817 4495 964 4557 veterumque
985 4493 1010 4542 in
1032 4508 1059 4543 ea
1082 4489 1229 4542 Scholiornm
1252 4515 1286 4528 ···
1309 4484 1454 4540 retractanda

328 4584 443 4635 unitione.
461 4585 614 4652 Programma
631 4587 719 4654 Gymn.
737 4584 862 4634 Leidensis.
881 4585 935 4634 anni
954 4583 1127 4638 lete-1847.
