3442 5330
763 673 804 739 35

217 889 302 956 spero
320 867 385 932 fore
403 871 449 942 ut,
470 902 514 914 -
533 863 699 948 siquando
718 861 792 927 haec
809 859 900 948 legat,
923 901 968 912 —
990 859 1055 928 sine
1073 862 1136 928 ullo
1155 859 1343 930 obtrectandi

216 981 318 1046 studio
337 979 453 1044 dictum
476 977 628 1043 existimet
646 978 695 1042 vir
714 975 906 1053 clarissimus,
926 975 964 1042 de
983 976 1079 1042 literis
1097 977 1219 1062 graecis,
1239 976 1344 1063 siquis

217 1094 303 1172 alius,
334 1092 483 1180 praeclare
505 1091 641 1168 meritus,
665 1089 919 1177 quemadmodum
952 1111 1040 1155 ame
1063 1090 1149 1156 sine
1173 1091 1259 1156 ullo
1281 1089 1343 1156 ob-

217 1207 427 1272 trectandi
449 1204 588 1270 studio
607 1204 723 1269 dictum
742 1210 797 1282 est,
817 1204 899 1290 quod
918 1225 1014 1290 quum
1032 1203 1342 1291 perseodiosumest,

216 1328 284 1384 tum
307 1319 481 1407 praesertim
513 1317 639 1383 iunioris
661 1318 693 1382 in
717 1317 873 1384 seniorem.
897 1318 965 1382 Nec
987 1318 1013 1384 is
1036 1339 1113 1396 sum,
1136 1317 1191 1403 qui
1213 1317 1341 1396 credam,

217 1435 278 1498 iam
306 1455 389 1498 nunc
418 1455 436 1498 a
465 1453 515 1497 me
541 1431 574 1496 in
604 1431 685 1496 bisce
717 1430 847 1509 scholiis,
872 1429 982 1509 omnia,
1006 1451 1083 1517 quae
1112 1431 1238 1498 obscura
1260 1439 1341 1515 sunt,

218 1546 376 1625 illustrata,
407 1567 485 1630 quae
515 1548 664 1630 corrupta,
696 1544 853 1609 emendata
876 1543 1020 1631 proponi;
1053 1545 1115 1622 sed,
1137 1543 1255 1611 etiamsi
1278 1567 1343 1610 om·

219 1659 278 1738 nia,
295 1681 378 1745 -quae
400 1659 559 1745 proferam,
584 1656 802 1744 probabuntur,
827 1657 917 1721 multi
939 1663 1050 1734 tamem
1074 1664 1121 1722 sat
1148 1657 1219 1736 scio,
1239 1679 1342 1744 super-

220 1779 290 1836 sunt
315 1771 385 1849 looi,
416 1770 470 1856 qui
508 1791 632 1835 manum
671 1769 903 1836 emendatricem
934 1776 1116 1856 exspectent,
1149 1789 1281 1855 quorum
1313 1776 1345 1836 et
1434 1817 1437 1823 Δ

221 1884 281 1970 ipse
303 1905 393 1970 supra
414 1883 554 1970 exempla
575 1883 723 1970 quaedam
744 1883 841 1970 posui.
863 1881 976 1948 Contra
998 1889 1030 1950 et
1051 1883 1084 1948 in
1107 1883 1282 1950 universum
1303 1882 1342 1948 de

221 1997 392 2062 anticorum
413 1996 577 2073 laboribus,
600 2002 633 2061 et
655 2017 737 2061 nuno
760 1996 798 2061 de
820 1997 867 2075 iis,
892 2019 968 2082 quae
990 1997 1197 2064 Buttmannus
1216 2002 1247 2064 et
1264 1997 1343 2062 Din-

223 2109 333 2176 dorlius
363 2110 401 2175 ad
434 2116 537 2176 nostra
556 2109 667 2174 scholia
689 2109 867 2188 attidemnt,
891 2109 924 2175 id
947 2111 1053 2190 sentio,
1078 2113 1160 2198 quod
1184 2111 1288 2178 (liceto
1311 2112 1343 2177 in

223 2223 387 2290 Maniliana
409 2221 443 2312 (ᾗ
467 2223 499 2308 8)
525 2223 562 2286 de
586 2222 816 2309 imperatoribus
836 2222 930 2287 dixit:
952 2233 1180 2306 ‚,vcrumtamen
1199 2225 1259 2292 illis
1276 2225 1343 2291 laus

222 2344 267 2401 est
287 2336 458 2413 tribuenda,
490 2336 572 2422 quod
600 2343 746 2432 egerunt3
771 2336 860 2402 venia
881 2336 989 2416 danda,
1013 2339 1095 2424 quod
1124 2338 1342 2425 reliquerunt.”

223 2450 271 2514 Ita
299 2455 430 2528 tantum,
454 2471 544 2536 quam
576 2449 796 2534 indulgentiam
818 2471 889 2535 erga
911 2450 984 2518 alios
1007 2451 1141 2530 adhibui,
1165 2475 1230 2518 eam
1250 2451 1340 2518 etiam

224 2583 292 2648 erga
320 2586 386 2628 mea
415 2564 538 2628 invento
569 2562 606 2628 ab
636 2562 738 2648 aequis
770 2562 933 2630 lectoribus
955 2586 1004 2629 me
1026 2566 1256 2652 impetraturum
1279 2586 1341 2630 esse

226 2677 350 2742 conlido.

234 2952 238 2960 .
268 2906 286 2989 p
309 2909 340 2969 4.
370 2905 421 2968 Ad
442 2902 542 2990 ipsum
565 2903 783 2970 dissertationis
805 2925 887 2968 meae
912 2909 1124 2989 argumentum
1146 2904 1337 2980 transiturus,

226 3017 354 3102 primum
375 3017 488 3082 notabo
513 3021 559 3082 sat
587 3038 731 3102 magnum
760 3017 895 3082 locorum
925 3039 1093 3096 numerum,
1119 3015 1182 3095 ubi,
1209 3018 1290 3104 quod
1312 3018 1344 3082 in

225 3129 307 3196 nullo
336 3131 452 3196 Graeco
481 3130 625 3216 scriptore
647 3153 708 3196 non
729 3129 847 3207 accidit,
871 3130 1050 3215 glossemata
1082 3138 1113 3196 et
1143 3131 1346 3197 additamenta

225 3252 295 3308 sunt
323 3242 532 3331 expungenda,
563 3264 782 3328 nonnunquam
812 3265 1028 3329 supervacanea
1050 3252 1180 3324 tantum,
1204 3268 1345 3312 nonnun-
1426 3263 1429 3268 ·

224 3381 312 3443 quam
341 3365 444 3422 autem
473 3379 593 3422 sensum
623 3363 653 3422 et
683 3357 900 3422 sententiarum
921 3381 1035 3426 nexum
1064 3360 1152 3446 plane
1182 3359 1344 3426 turbantia.
1429 3347 1434 3357 ¹

226 3470 338 3537 Eorum
367 3493 463 3556 genus
493 3477 539 3535 est
565 3471 693 3558 duplex:
727 3477 799 3536 sunt
828 3471 909 3536 enim
940 3481 994 3538 aut
1025 3473 1238 3549 additamenta,
1261 3494 1347 3557 saepe

166 3633 170 3641 .
226 3585 351 3664 inficeto,
390 3607 506 3672 semper
543 3585 674 3662 inutilia,
715 3590 768 3650 aut
806 3584 1036 3673 dittographiae,
1077 3586 1126 3650 vel
1159 3583 1345 3669 singularum

227 3698 415 3782 syllabarum,
439 3698 488 3764 vel
509 3699 735 3764 sententiarum.

269 3813 316 3876 Ac
345 3815 477 3899 primum
507 3812 545 3876 de
574 3813 671 3898 priore
701 3833 811 3897 genere
840 3812 1014 3878 videndum.
1047 3810 1243 3876 Huiusmodi.
1264 3834 1293 3876 v.
1318 3833 1344 3874 o.

228 3933 282 4005 est,
311 3926 393 4011 quod
422 3924 535 3990 delevit
563 3924 708 3990 Lehrsius
738 3924 771 3990 in
792 3925 965 3990 Emendatt.
990 3924 1179 3990 Scholiorum
1202 3923 1344 3988 Homeri·

230 4061 340 4116 corum,
372 4039 411 4104 ad
432 4039 469 4103 Ε.
496 4040 570 4102 705.
594 4038 753 4104 ἀντίθεον
778 4043 987 4123 Tedtpucr':
1011 4044 1032 4119 ἠ
1056 4036 1155 4119 διπλῆ
1179 4037 1258 4120 πρὸς
1283 4039 1342 4112 τὴν

229 4153 428 4234 ὁμωνυμίαν,
453 4153 505 4215 ὅτι
527 4155 696 4235 ὁμώνυμος
716 4135 809 4224 οὗτος
830 4157 875 4236 τῷ
896 4150 1151 4234 Ἀγαμέμνονος
1172 4152 1232 4233 υἱῷ
1250 4151 1344 4234 [Ted-

231 4267 381 4350 θραντι]
411 4264 597 4330 Huiusmodi
619 4265 765 4349 quaedam
787 4265 878 4330 otiam
897 4264 1102 4329 Buttmannus
1121 4270 1153 4328 et
1170 4262 1346 4328 Dindorfius

232 4377 446 4458 indicaverunt,
479 4385 515 4441 ut
544 4376 574 4442 d.
609 4382 638 4443 1.
670 4379 707 4443 de
738 4381 942 4462 κητώεσσανι
967 4375 1111 4459 ὤφειλεν
1130 4371 1216 4442 εἶναι
1241 4378 1276 4440 τὸ
1301 4402 1345 4440 τω

230 4496 355 4576 μικρὸν,
389 4491 463 4556 a'tt‘
493 4490 684 4578 [ἔγραψε]
712 4491 818 4578 ὥσπερ
841 4493 877 4558 τὸ
900 4494 1036 4578 ἡβώωσα
1059 4493 1205 4574 ἐκτείνει,
1230 4488 1285 4552 διὰ
1310 4495 1345 4555 τὸ

232 4599 315 4670 εἶναι
349 4607 384 4669 τὸ
415 4608 476 4690 πρὸ
508 4606 607 4688 αὐτῆς
638 4611 776 4692 μακρὸν,
807 4611 843 4672 τὸ
867 4587 898 4689 r),
925 4607 979 4670 nul
1006 4607 1041 4669 τὸ
1066 4604 1253 4688 τηλεθόωσα
1277 4627 1348 4686 σμι-
