3442 5330
865 634 908 693 44

332 815 513 881 θαλάσσιον
539 815 668 899 θηρίον,
700 821 753 880 aut
778 817 814 878 τὸ
847 820 955 896 κῆτος,
991 813 1134 894 abundat,
1168 814 1307 904 (suidam
1338 825 1445 900 κῆτος·

330 928 510 995 θαλάσσιον
535 930 655 1014 θηρίον
681 927 876 1014 πολυειδές).
902 928 1053 1014 Equidem
1071 928 1268 1017 expunxerim
1289 933 1325 994 τὸ
1339 939 1446 1013 κῆτος,

329 1045 368 1110 ob
402 1067 579 1110 consensum
622 1044 758 1110 omnium
792 1045 855 1108 fere
889 1043 1178 1130 lexicographorcm,
1214 1045 1313 1112 verbis
1346 1054 1450 1113 nostro

329 1159 443 1225 scholio
473 1160 636 1225 simillimis
667 1183 731 1226 vce.
766 1157 939 1224 κνώδαλον
963 1158 1236 1246 interpretantium.
1261 1160 1448 1246 Hesychius:

329 1271 498 1338 κνώδαλα·
526 1273 642 1358 κνρίως
666 1275 706 1336 τὰ
732 1271 899 1336 θαλάττια
931 1274 1044 1357 θηρία·
1072 1272 1247 1339 κινώθαλα
1272 1281 1331 1358 γάρ
1360 1278 1449 1342 ἐστιν

330 1389 370 1451 τὰ
402 1389 437 1452 ἐν
469 1394 509 1471 τῇ
530 1385 586 1450 ἁλί
613 1389 800 1468 κινούμενα.
826 1387 970 1472 Ὅμηρος
994 1386 1028 1451 δὲ
1055 1389 1108 1452 ἐπὶ
1134 1367 1396 1474 Ιχερσαίονφησίν,
1420 1397 1451 1456 et

330 1502 373 1566 sic
404 1501 512 1566 Snidas
543 1508 574 1566 et
596 1500 840 1586 Etymologicum
868 1501 1017 1586 Magnum
1039 1508 1070 1567 et
1092 1502 1214 1568 Scholia
1236 1504 1273 1567 ad
1296 1503 1450 1590 Aristoph.

330 1615 455 1702 Vespas.
487 1616 524 1679 ad
555 1639 599 1680 vs.
624 1619 654 1680 4.
686 1615 747 1680 Sed
770 1613 949 1701 Apollonius
973 1616 1115 1702 Sophiste
1141 1615 1188 1705 (in
1207 1616 1280 1682 Lex.
1305 1615 1396 1682 Hom.
1422 1642 1450 1705 p.

331 1735 395 1796 490
426 1727 517 1816 Vill.)
551 1726 707 1793 κνώδαλα
739 1725 787 1806 δὲ,
822 1731 863 1792 τὰ
887 1727 1054 1792 θαλάσσια
1079 1733 1160 1812 κη’τη
1184 1729 1272 1795 dixit.
1296 1731 1397 1816 Igitur
1418 1732 1452 1797 in

330 1844 429 1908 medio
458 1842 604 1928 relinquo,
636 1847 739 1907 utrum
777 1841 818 1906 sit
849 1843 1027 1922 delendum;
1060 1843 1239 1909 alterutrum
1269 1847 1369 1910 autem
1398 1844 1450 1911 de-

330 1957 453 2022 lendum
477 1977 549 2032 esse,
574 1955 777 2032 manifestum,
802 1956 900 2033 credo,
923 1962 1006 2020 est..

376 2069 542 2150 Hucusque
573 2089 621 2132 eas
652 2072 770 2132 tautum
803 2067 893 2150 attigi
926 2068 1182 2154 interpolationes,
1214 2093 1298 2154 quae¹
1312 2072 1454 2137 molestae

334 2182 456 2266 quidem
487 2186 581 2258 erant,
606 2181 659 2244 sed
683 2179 748 2244 sine
772 2181 938 2246 sententiae
960 2181 1152 2247 detrimento.
1176 2184 1219 2248 llt
1241 2185 1382 2272 proposui
1403 2209 1454 2251 cos

332 2301 451 2359 tantum
473 2295 564 2372 lecca,
588 2293 641 2359 ubi
665 2293 703 2357 ad
722 2293 962 2380 interpolationis
983 2295 1183 2382 suspicionem
1194 2297 1286 2362 etiam
1297 2305 1454 2364 externum

333 2408 454 2494 aliquod
483 2407 691 2473 testimonium
722 2407 889 2486 insedebat,
921 2408 998 2475 bene
1027 2432 1149 2495 guarus,
1181 2418 1294 2496 quanta
1316 2412 1455 2478 cautione

332 2524 369 2587 de
391 2522 449 2587 boc
471 2520 648 2586 mendorum
669 2543 777 2607 genere
800 2522 995 2588 iudicandum
1014 2523 1105 2588 sitin
1125 2524 1331 2611 scriptoribus,
1351 2527 1453 2609 quales

333 2644 405 2702 sunt
435 2624 611 2702 scholiastae
640 2634 747 2701 nostri.
779 2637 874 2702 Cuius
904 2638 947 2702 rei
978 2660 1073 2704 unum
1103 2637 1251 2724 proferam
1273 2640 1452 2727 exemplum.

337 2753 480 2818 Moretur
511 2750 549 2816 ad
581 2775 605 2829 ι,
639 2754 703 2816 106
734 2751 831 2816 futilis
863 2750 998 2836 quaestio
1020 2750 1194 2817 Aristotelis
1217 2752 1254 2816 de
1276 2752 1453 2840 Polyphemi

334 2866 459 2952 origine,
489 2865 537 2929 his
561 2864 678 2932 verbis:
712 2863 803 2948 ζητεῖ
831 2862 1069 2948 Ἀριστοτέλης
1096 2866 1164 2939 πῶς
1187 2869 1205 2929 ὁ
1227 2864 1375 2951 Κύκλωψ
1403 2870 1450 2954 [o]

335 2976 534 3060 Πολύφημος
556 2983 634 3059 μήτε
658 2979 780 3062 πατρὸς
804 2977 850 3041 ὢν
874 2975 1068 3056 Κύκλωπος,
1093 2976 1302 3053 Ποσειδῶνος
1325 2975 1453 3065 γὰρῆν,

331 3095 409 3172 μήτε
440 3094 571 3174 μητρὸς,
604 3090 752 3175 Κύκλωψ
785 3089 925 3168 ἐγένετο.
959 3089 1057 3164 αὐτὸς
1084 3089 1119 3153 δὲ
1144 3089 1243 3176 ἑτέρῳ
1266 3095 1361 3177 μύθῳ
1386 3095 1455 3158 ἔπι-

336 3202 458 3270 λύεται.
494 3205 548 3266 καί
582 3205 642 3285 γὰρ
672 3205 706 3266 ἐκ
732 3202 861 3286 Βορίσν
884 3204 981 3266 ίπποι
1001 3204 1167 3282 γίνονται,
1194 3207 1249 3268 καί
1274 3207 1308 3269 ἐκ
1332 3212 1454 3272 Ποσει-

337 3316 440 3390 δῶνος
472 3317 527 3380 καί
561 3322 616 3397 τῆς
648 3315 821 3400 Μεδούσης
852 3320 870 3380 ὁ
895 3321 1052 3396 Πήγασος
1074 3317 1186 3390 λ’ππος.
1217 3319 1249 3382 τί
1273 3319 1304 3383 d'
1327 3322 1454 3386 ἄτοπον

338 3433 371 3494 ἐκ
397 3428 606 3503 Ποσειδῶνος
631 3433 687 3495 τὸν
710 3433 828 3514 ἄγριον
855 3433 970 3496 τοῦτον
995 3428 1185 3510 γεγονέναι,
1209 3436 1265 3498 etc.
1289 3434 1339 3499 Ita
1356 3435 1458 3500 editur
1565 3432 1567 3436 ’

335 3569 372 3611 ex
395 3545 468 3617 Hc.
499 3544 651 3629 Equidem
674 3545 803 3610 libenter
834 3545 993 3612 deleverim
1021 3545 1152 3633 primum
1174 3549 1193 3608 α’
1219 3545 1377 3632 Κύκλωψ,
1402 3571 1457 3614 uec

336 3660 422 3725 facile
453 3658 630 3726 crediderim
663 3659 701 3726 ab
724 3659 896 3745 Aristotele,
921 3660 1059 3726 simodo
1082 3681 1183 3725 revera
1204 3658 1381 3726 Aristoteles
1403 3662 1457 3726 ha-

336 3796 403 3838 rum
427 3774 609 3861 ineptiarum
633 3779 813 3854 auctorest,
836 3776 909 3841 haec
931 3774 975 3839 ita
998 3774 1109 3859 scripta
1131 3773 1233 3850 fuisse,
1258 3796 1332 3839 sono
1354 3774 1457 3840 admo-

336 3887 409 3954 dum
439 3888 559 3973 ingrato
590 3893 711 3975 propter
742 3886 889 3972 Κύκλωψ
921 3887 997 3951 illud
1027 3893 1074 3950 ter
1103 3886 1274 3972 repetitum.
1306 3887 1366 3953 Sed
1388 3911 1458 3953 cave

336 4000 443 4066 deleas.
466 4001 549 4066 Nam
571 4001 605 4065 in
628 4025 663 4066 eo
685 4001 773 4079 libro,
798 4001 878 4065 unde
901 4000 974 4064 hace
997 3999 1109 4065 scholia
1131 4004 1270 4087 excerpta
1291 4007 1372 4079 sunt,
1395 4001 1457 4067 iam

335 4116 380 4181 ita
402 4115 504 4193 fuisse,
527 4122 613 4203 patet
635 4139 672 4182 ex
695 4114 760 4179 cod.
786 4115 812 4178 Τ
837 4114 875 4178 ad
900 4139 922 4175 ι.
951 4115 1025 4191 311,
1048 4111 1101 4178 ubi
1121 4113 1204 4190 haec,
1225 4114 1328 4180 eadem
1339 4113 1458 4200 ingrata

336 4229 473 4294 vocabuli
497 4227 644 4312 Κύκλωψ
669 4228 856 4315 repetitione,
881 4227 1066 4292 adverbum
1089 4250 1210 4315 prorsus
1238 4228 1282 4292 ita
1304 4227 1456 4314 leguntur.

382 4343 484 4408 Multo
513 4342 631 4406 facilior
661 4348 692 4405 et
714 4340 883 4406 evidentior
905 4341 995 4405 simul
1017 4364 1063 4406 res
1088 4349 1144 4420 est,
1167 4341 1220 4407 ubi
1244 4341 1457 4408 additamentis

338 4456 435 4522 alieno
457 4457 524 4521 loco
546 4454 753 4541 adglutinatis‚
774 4455 990 4520 sententiarum
1010 4457 1083 4522 ordo
1101 4463 1237 4522 etnexus
1248 4456 1457 4543 pessumdatus

339 4575 394 4647 est,
419 4568 504 4635 cuim
527 4569 645 4656 generis
669 4591 751 4634 nunc
773 4568 918 4635 nonnulla
939 4569 1088 4636 indicabo.
