3454 5330
850 673 914 766 ea

332 875 427 940 quum
457 855 534 935 dico,
565 879 595 924 v.
619 859 730 943 16ρώ
754 857 811 921 τὸν
835 855 975 939 πατέρα,
1001 879 1123 922 meum
1144 857 1275 944 ipsius
1298 863 1451 944 patrem

332 968 430 1035 video.
460 969 563 1056 Igitur
592 971 619 1035 si
648 970 777 1037 dicitur:
809 978 881 1051 τῆς
911 974 1066 1054 μητρὸς
1090 977 1276 1055 κατηγορεῖ,
1301 971 1456 1036 Antinous

333 1106 439 1149 suam
462 1091 588 1150 matrem
610 1083 763 1149 criminari
786 1083 1002 1168 intelligendus
1024 1089 1080 1162 cst,
1101 1084 1183 1168 quod
1202 1092 1306 1150 contra
1323 1091 1456 1150 mentem

331 1196 515 1263 scholiastae
530 1203 585 1264 cst.
599 1196 712 1262 Contra
730 1197 757 1262 si
770 1197 807 1263 de
822 1197 971 1284 Penelope
991 1197 1146 1283 accipitur,
1168 1196 1343 1263 obtruditur
1361 1197 1457 1261 Scho-

331 1308 436 1376 liastaa
447 1317 611 1398 peecatum,
624 1310 706 1395 quod
717 1333 806 1376 nemo
819 1311 951 1376 Graecus
963 1332 1097 1396 unquam
1109 1311 1316 1376 commisisset.
1329 1311 1368 1374 Id
1376 1311 1458 1396 quod

331 1424 463 1510 optimus
483 1424 576 1490 codex
587 1423 623 1488 M
635 1423 767 1512 praebet,
781 1431 837 1505 τῆς
848 1426 1021 1508 papestorpe,
1036 1431 1205 1490 monstrum
1216 1424 1339 1509 quidem
1351 1429 1397 1486 ast
1413 1423 1458 1487 le-

330 1536 450 1616 ctionis,
470 1543 501 1602 et
520 1544 668 1624 quantum
686 1537 821 1616 memini,
841 1560 879 1602 ne
900 1537 1049 1602 Graecum
1066 1538 1188 1623 quidem
1200 1536 1390 1614 vocabulum,
1404 1537 1457 1600 sed

328 1650 409 1716 inest
419 1651 454 1716 in
464 1673 499 1716 eo
511 1673 559 1717 an
568 1651 809 1736 tiquissimo
819 1651 928 1717 mendo
940 1659 1065 1730 certum,
1078 1653 1216 1730 nifallor,
1225 1674 1311 1718 verae
1317 1649 1457 1716 lectionis

329 1765 501 1850 vestigium.
510 1765 767 1851 Antiquissimum
774 1772 876 1830 autem
884 1787 948 1831 esse
959 1766 1103 1831 mendum
1114 1766 1210 1831 velex
1222 1788 1257 1830 eo
1268 1770 1361 1851 patet,
1374 1763 1458 1847 quod

331 1876 422 1944 verba
453 1885 591 1965 corrupta
621 1878 805 1944 omittuntur
829 1878 862 1943 in
886 1877 918 1956 S,
943 1879 1029 1944 cuius
1053 1879 1159 1958 scriba,
1183 1901 1260 1964 quac
1282 1900 1344 1942 non
1366 1876 1457 1941 intel-

330 1989 454 2075 ligebat,
487 1991 625 2057 omittere
656 1992 797 2056 maluisse
829 1993 959 2070 videtin,
991 2015 1051 2077 qua
1082 2016 1114 2058 re
1137 1992 1292 2058 stabilitur
1317 1992 1351 2057 id
1374 1992 1457 2076 quod

330 2103 391 2167 iam
409 2102 442 2167 in
465 2104 712 2189 praecedentibus
736 2103 903 2185 observavi,
927 2107 1060 2171 codicem
1082 2108 1104 2170 S
1128 2108 1258 2172 eundem
1280 2105 1389 2171 habere
1408 2104 1457 2171 vel

330 2237 450 2301 prorsus
473 2215 603 2282 similem
626 2240 696 2282 cum
717 2218 830 2284 nostris
853 2219 976 2305 optimis
999 2220 1086 2286 codd.
1111 2221 1315 2307 archetypum,
1339 2220 1373 2283 in
1395 2240 1456 2302 quo

329 2328 442 2396 leviora
464 2331 610 2415 quaedam
631 2331 707 2396 vitia
722 2339 854 2398 correcta
875 2338 983 2412 essent,
1004 2334 1143 2420 graviora
1162 2333 1454 2419 omnialegcrentur.

330 2443 382 2508 sio
415 2451 447 2510 et
475 2444 508 2509 in
538 2451 642 2510 nostro
669 2447 736 2512 loco
759 2445 827 2512 illa:
853 2454 910 2529 τῆς
932 2450 1091 2532 μηρουσης
1114 2449 1148 2513 in
1171 2448 1283 2514 codicis
1307 2446 1328 2511 S
1353 2445 1457 2511 arche·

330 2563 403 2645 typo
435 2559 513 2625 lecta
548 2558 641 2625 trisse
673 2559 825 2640 videntur,
860 2561 971 2648 quibus
1006 2561 1201 2628 emendandis
1232 2583 1326 2648 quum
1358 2557 1456 2625 scriba

330 2671 427 2759 impar
438 2679 525 2752 esset,
538 2673 646 2739 maluit
657 2695 692 2739 ea
703 2697 765 2740 non
776 2698 894 2769 ponere,
915 2697 1097 2761 quamquam
1109 2674 1258 2741 sententia
1268 2673 1452 2759 imperfecta.

332 2786 393 2850 Sed
415 2788 566 2853 addantur
592 2788 669 2853 dnae
690 2787 828 2854 litandae
852 2797 883 2854 et
905 2789 1117 2856 omniserunt
1139 2788 1304 2854 sanissima.
1328 2785 1452 2850 Etenim

330 2901 484 2967 Antinous
513 2901 594 2986 ὑπὲρ
625 2906 681 2965 τοῦ
714 2901 890 2984 διαφυγεῖν
922 2906 979 2968 τόν
1011 2907 1203 2987 παρόντα
1230 2893 1365 2985 ἔλεγχον
1399 2905 1456 2978 τῆς

328 3016 376 3093 μὴ
412 3012 453 3102 (π
461 3012 581 3102 α)ροι1
587 3037 659 3098 cpe
694 3022 880 3100 κατηγορεῖ.
918 3015 963 3080 Ut
997 3023 1183 3104 praesentem
1213 3013 1455 3079 criminationem

329 3125 462 3211 effugiat,
486 3127 604 3214 culpam
630 3129 747 3192 confert
769 3128 802 3193 in
825 3129 978 3194 absentem
1001 3129 1181 3215 Penelopen.

374 3264 405 3316 y.
430 3244 481 3304 20.
507 3240 626 3304 Athena
649 3239 828 3306 Telemacho
850 3242 923 3306 haee
946 3243 984 3314 de
1006 3242 1137 3308 Nestore
1160 3241 1252 3306 dicit:
1277 3239 1397 3326 ψεῦδος
1423 3238 1454 3303 d’

331 3351 388 3415 cdx
413 3351 507 3437 ἐρέει·
531 3351 619 3436 μάλα
642 3357 704 3439 γὰρ
728 3353 934 3437 πεπνυμένος
953 3356 1053 3420 ἐστίν.
1075 3355 1214 3439 Rogatur
1233 3355 1272 3420 ad
1291 3355 1379 3420 hacc:
1399 3355 1453 3416 καὶ

330 3469 398 3541 πῶς
430 3466 604 3541 Ὀδυσσεύς
630 3470 649 3531 o‘
679 3467 886 3550 πεπνυμένος
919 3469 1009 3553 „iona
1032 3468 1156 3554 psaltim
1180 3466 1287 3532 πολλὰ
1312 3464 1453 3545 λέγων,·”

332 3580 377 3670 (τ.
404 3584 478 3646 203.
502 3587 592 3646 textt.
614 3603 713 3647 nuno:
739 3580 876 3674 λέγειν).
902 3582 987 3648 α’λλοὶ
1011 3586 1090 3668 πρὸς
1114 3585 1149 3646 τὸ
1172 3580 1274 3665 μηδὲν
1299 3586 1453 3645 κατεπεῖ-

330 3717 390 3772 γον
421 3693 618 3778 ψεύδεσθαι,
652 3699 748 3760 τοῦτο
773 3696 889 3779 κομιδῆ
914 3697 1034 3780 νηπίου
1058 3694 1188 3778 ἀνδρὸς.
1213 3694 1253 3758 In
1275 3692 1454 3770 hieremie,

330 3811 366 3870 nt
388 3805 578 3873 Buttmanno
601 3808 769 3888 videbatur,
795 3811 927 3892 „desunt
950 3816 1019 3875 ante
1038 3830 1141 3873 vocem
1161 3804 1246 3870 α’λλά
1263 3806 1455 3893 verbaquae-

329 3919 400 3984 dam
423 3920 570 3999 docentia,
595 3928 723 4006 urgente
745 3923 925 3988 necessitate
948 3919 1196 4004 decerepaztdaa
1210 3919 1353 3997 λέγειν.”
1375 3920 1455 3986 Din-

331 4033 443 4100 dorfins
474 4041 594 4100 contra:
627 4034 727 4118 „nihil
749 4036 852 4101 deesse
874 4033 1026 4100 videtur.'’
1052 4031 1264 4099 Consideranti
1287 4034 1363 4099 mihi
1381 4033 1455 4099 haec

329 4147 410 4213 loca:
435 4173 464 4236 p.
487 4152 550 4214 350
574 4148 595 4212 l.
620 4152 641 4212 4
664 4147 717 4237 (ad
741 4174 772 4231 η.
799 4148 897 4238 303):
923 4145 1149 4232 παραδεκτέον
1170 4145 1291 4232 ψεῦδος
1311 4147 1364 4212 ὅτε
1378 4151 1455 4211 ἑαυ-

330 4265 388 4327 τόν
420 4288 471 4338 τις
502 4263 597 4338 σώζει
628 4266 670 4346 μὴ
694 4261 850 4349 βλάπτων
875 4263 932 4327 τὸν
957 4260 1068 4344 φίλον,
1097 4260 1151 4329 sed
1173 4261 1302 4327 maxime
1324 4283 1354 4347 p.
1379 4265 1453 4326 152.

329 4375 350 4438 l.
376 4380 395 4439 8
420 4375 474 4465 (ad
495 4401 527 4455 y.
554 4376 630 4462 328)
655 4377 809 4442 ἐναντίον
834 4378 902 4442 ἐστὶ
925 4379 1020 4440 τοῦτο
1045 4383 1089 4460 τῷ
1113 4375 1202 4458 „iona
1223 4372 1452 4459 ψευδεακτέ.”

331 4491 386 4552 καὶ
418 4492 480 4575 γὰρ
511 4488 718 4573 πεπνυμένος
750 4491 933 4556 ὑπόκειται·
967 4499 988 4574 ἡ
1012 4490 1046 4555 δέ
1072 4488 1161 4563 λείοις
1186 4490 1221 4551 ἐκ
1245 4491 1301 4552 τοῦ
1325 4489 1450 4572 καιροῦ.

331 4601 376 4665 τὸ
407 4606 482 4688 γὰρ
515 4605 621 4668 κατὰ
654 4605 806 4689 καιρὸν
839 4606 1163 4684 κατεπείγοντα
1187 4600 1451 4685 ψευδεσθαι,
