3442 5330
907 677 947 741 20

366 888 456 930 sonus
487 866 570 952 prius
600 866 637 929 de
666 865 723 928 hac
752 862 896 930 varietate
918 862 1052 950 loquens
1080 885 1146 926 eam
1169 883 1260 926 manu
1283 859 1489 925 recentissima

366 981 508 1065 scriptam
539 979 666 1056 dicebat,
695 979 804 1042 docens
828 976 919 1041 simul
943 999 1033 1059 quam
1057 976 1189 1040 solennis
1212 976 1245 1039 in
1268 998 1338 1038 mss.
1363 973 1489 1058 syllaba-

365 1117 432 1158 rum
455 1119 495 1156 κυ
520 1101 551 1158 31
574 1117 613 1175 ηγ
638 1093 678 1157 sit
701 1091 891 1178 permutatio.
926 1090 966 1154 In
988 1089 1174 1176 Postscripto
1198 1095 1299 1154 autcm
1322 1110 1435 1152 errasse
1458 1110 1489 1150 se

365 1208 450 1285 dicit,
482 1214 513 1271 et
536 1207 647 1292 scripta
674 1206 747 1270 haec
771 1229 787 1269 3
811 1225 911 1282 manu,
937 1205 963 1267 si
986 1226 1048 1268 non
1071 1203 1166 1289 ipsius
1190 1203 1366 1267 scholiastae
1389 1201 1486 1278 Harl,

365 1328 444 1386 certe
474 1343 535 1386 nou
569 1321 664 1385 multo
686 1319 815 1404 juniore.
840 1319 1017 1383 Videndum
1041 1319 1137 1403 igitur
1159 1341 1198 1389 au
1220 1318 1348 1383 varietas
1370 1317 1423 1380 illa
1445 1316 1489 1380 ita

365 1434 485 1520 scripta,
511 1432 724 1514 totallamus,
749 1432 830 1497 inter
853 1433 992 1517 antiquas
1011 1433 1154 1497 lectiones
1175 1431 1329 1496 referenda
1347 1431 1397 1508 sit,
1419 1453 1488 1494 cum

366 1546 529 1628 εῐδάλιμος
561 1549 603 1611 sit
633 1571 691 1612 vox
715 1546 887 1622 Homerica,
913 1543 1153 1625 31ΐγδάλιμογ,
1180 1542 1300 1616 εὐειῦἐς
1324 1543 1490 1630 reperiatur

366 1662 444 1748 apud
474 1660 672 1745 Hesychium,
701 1661 839 1744 quamvis
863 1659 895 1723 in
919 1659 995 1723 serie
1018 1681 1125 1723 vocum
1149 1657 1186 1722 ab
1211 1656 1241 1720 ῖδ
1265 1657 1487 1743 incipientium,

365 1775 493 1859 ideoque
523 1775 555 1839 in
586 1773 804 1839 recentioribus
834 1772 1021 1837 editionibus
1053 1778 1203 1836 mutatum
1234 1772 1268 1855 in
1301 1769 1486 1850 ἷδάλιμογ.”

362 1888 538 1973 Repetendo
568 1888 689 1951 videtur
717 1887 790 1950 haec
813 1885 952 1973 probasse
974 1885 1039 1971 ipse
1062 1885 1248 1949 Dindorfius.
1274 1885 1484 1949 Nihilominus

365 2000 454 2064 credo
488 2000 686 2077 Buttmaun0‚
719 1999 785 2064 viro
817 1999 1019 2084 sagacissimo,
1053 2000 1149 2086 ipsam
1179 2023 1264 2064 suam
1295 1999 1488 2084 sagacitatem

366 2113 464 2177 fraudi
482 2114 584 2190 fuisse,
605 2119 636 2177 ct
654 2112 744 2177 nihili
764 2112 930 2177 faciendam
950 2135 1014 2176 esse
1036 2112 1113 2176 hanc
1131 2113 1244 2178 variam
1263 2113 1432 2189 lectionem,
1453 2118 1489 2175 ut

365 2227 413 2292 vel
435 2251 472 2291 cx
494 2251 529 2292 eo
552 2233 644 2313 patet,
669 2227 750 2311 quod
774 2249 811 2291 ex
834 2227 940 2290 eodem
963 2226 996 2289 H
1019 2226 1057 2290 ad
1080 2252 1115 2289 π.
1143 2231 1217 2305 212,
1237 2229 1317 2309 ἡμὲν
1332 2225 1487 2307 κυδῆναι,

366 2341 447 2405 idem
478 2340 588 2405 vitium
617 2345 772 2406 enotatum
796 2348 858 2405 est:
891 2367 941 2424 γρ.
978 2339 1116 2423 addanae
1151 2343 1186 2427 1).
1218 2341 1319 2406 Simili
1342 2341 1432 2406 modo
1455 2341 1487 2405 in

365 2456 423 2519 hoc
445 2456 511 2520 cod.
535 2462 572 2516 θ.
600 2459 664 2519 212
688 2477 742 2540 pro
765 2453 835 2519 οὐδ’
860 2453 1003 2537 ἀθερίζω
1027 2454 1205 2542 procuditur
1226 2455 1309 2520 varia
1327 2456 1417 2520 lectio
1437 2480 1488 2538 γρ.

367 2566 437 2631 οὐδ’
462 2568 631 2652 attactis),
657 2569 694 2632 de
718 2591 777 2652 qua
800 2569 993 2634 Dindorfius:
1020 2566 1111 2650 „otd’
1137 2567 1294 2653 εὐθερίζω
1314 2568 1487 2634 conminus

366 2681 528 2747 absurdum
552 2704 641 2766 quam
666 2683 747 2768 quod
771 2683 872 2747 estin
895 2683 929 2746 P.
955 2681 1025 2746 οὐδ’
1050 2681 1230 2766 ἅπορίζω,”
1255 2690 1286 2746 31
1304 2689 1412 2747 uotum
1431 2689 1486 2759 est,

365 2819 583 2883 nonnunquam
614 2822 635 2859 α
669 2804 701 2861 31
731 2823 766 2861 ευ
794 2798 839 2861 ita
870 2797 993 2874 exarari,
1026 2800 1061 2861 ut
1090 2819 1210 2883 prorsus
1241 2796 1301 2860 nisi
1331 2819 1369 2860 ex
1399 2818 1488 2860 sensu

365 2910 514 2994 distingui
539 2915 697 2996 nequeant.

410 3021 538 3093 Quoties
561 3029 661 3086 autem
685 3022 865 3106 glossemata
888 3044 942 3108 pro
964 3023 1055 3086 variis
1074 3022 1255 3087 lectionibus
1274 3003 1362 3088 nohis
1381 3024 1487 3089 vendi-

365 3135 497 3199 taverint
528 3135 619 3199 etiam
648 3135 757 3220 optimi
784 3135 967 3199 scholiorum
997 3135 1125 3213 codices,
1159 3158 1331 3201 enumerare
1362 3137 1487 3222 longum

364 3251 418 3311 est.
443 3248 579 3311 Sufficiat
601 3248 767 3333 inspexisse
791 3273 825 3326 α,
853 3252 894 3310 89
921 3248 1018 3313 aaa·
1044 3250 1131 3321 τινὲς
1156 3275 1206 3332 γρ.
1233 3255 1324 3329 θήσω
1347 3273 1384 3314 ex
1406 3250 1437 3313 H
1457 3257 1487 3314 31

364 3360 409 3437 M,
434 3361 473 3425 ad
496 3383 572 3447 quae
594 3361 791 3426 Dindorfius:
818 3367 929 3443 „aare
952 3371 999 3427 est
1018 3364 1109 3428 etiam
1128 3363 1160 3427 in
1180 3364 1206 3426 P
1224 3364 1421 3450 adscriptum,
1435 3364 1488 3428 scd

364 3474 475 3538 omisso
499 3476 586 3548 τινὲς
610 3500 661 3558 γρ.
687 3481 723 3540 31
748 3475 896 3560 glossema
918 3477 1020 3563 potius
1044 3501 1108 3542 esse
1131 3478 1269 3542 videatur
1292 3501 1382 3563 quam
1406 3479 1487 3542 varia

363 3587 473 3652 lectio''
508 3587 550 3677 (p.
577 3593 628 3666 25,
655 3589 723 3678 10),
755 3595 786 3654 31
808 3617 840 3654 α.
869 3594 941 3655 361.
965 3597 1095 3673 μῦθογῐ
1119 3618 1169 3677 γρ.
1197 3591 1294 3669 λόγον
1320 3598 1351 3656 31
1373 3594 1404 3676 β.
1432 3595 1485 3668 40,

364 3707 447 3786 τάχα
481 3702 602 3768 ai'oaut:
634 3728 683 3786 γρ.
711 3708 795 3789 τάχα
817 3711 960 3790 μαθήσῃ,
985 3713 1017 3769 31
1039 3708 1071 3790 β.
1099 3709 1161 3769 105
1187 3711 1329 3778 adurar:
1354 3731 1404 3788 γρ.
1433 3711 1485 3769 vd-

365 3840 448 3899 κτωρ
472 3822 504 3879 31
525 3818 558 3901 β.
586 3822 660 3895 169,
686 3816 861 3902 lw't'trpov:
885 3844 936 3902 γρ.
963 3816 1062 3881 λώϊον
1087 3823 1118 3882 31
1140 3821 1173 3903 β.
1199 3821 1273 3896 384,
1294 3817 1483 3899 dotti-acea:

363 3954 414 4014 γρ.
441 3929 642 4010 desolaturus,
669 3932 706 3995 ad
729 3955 806 4017 quae
829 3931 948 4016 singula
968 3930 1071 3994 sedulo
1092 3931 1248 3998 adnotavit
1267 3932 1482 4009 Buttmannuu

363 4065 427 4108 esse
450 4066 484 4108 ea
506 4044 687 4129 glossemata
710 4047 878 4111 manifesta.

408 4157 543 4221 Tandem
574 4159 772 4244 etymologiae
803 4158 999 4222 deliramenta
1028 4159 1126 4224 inesse
1156 4161 1295 4248 plurima,
1320 4182 1483 4244 eorumque

362 4271 508 4335 nonnulla
530 4295 567 4336 ex
591 4272 773 4350 auctoribus,
798 4270 900 4356 quales
923 4278 996 4336 sunt
1017 4274 1208 4340 Aristonicus
1228 4282 1259 4339 et
1279 4274 1482 4351 Herodianus,

395 4531 413 4592 ¹)
433 4532 470 4581 Ita
487 4534 515 4582 ad
533 4532 557 4582 λ.
575 4533 624 4582 446
641 4532 722 4582 habet:
741 4551 772 4595 ra
790 4533 867 4582 urnas
885 4535 909 4583 et
925 4549 995 4599 supra
1011 4552 1056 4588 scr.
1074 4554 1116 4603 γρ.
1133 4555 1164 4599 γε
1182 4536 1252 4602 νέην,
1269 4537 1297 4586 ad
1312 4534 1478 4601 quaePorsoni

360 4623 488 4674 observatio
505 4628 552 4675 est:
572 4641 662 4688 „merus
679 4641 752 4684 error,
771 4627 809 4676 sed
827 4625 944 4676 observari
962 4644 1008 4676 non
1026 4627 1140 4678 inutilis.”
1157 4645 1181 4694 p.
1200 4629 1240 4682 71.
