3442 5330
794 676 833 736 51

250 865 440 928 construatur
463 857 742 944 ἐντονχάνοντα.”
770 857 896 945 (Dind.)
919 859 979 924 Sed
1002 861 1159 945 sequentia
1180 862 1278 928 adhuc
1296 861 1373 930 male

250 976 394 1041 laborant.
428 975 516 1060 ἔχειν
550 972 584 1038 δὲ
617 977 773 1038 τοῦτον
806 976 861 1036 καί
894 979 954 1054 τὴν
990 977 1140 1060 ἰατρικὴν
1177 977 1212 1041 ἐν
1244 985 1286 1061 τῇ
1318 983 1375 1056 τῆς

251 1089 366 1176 τέχνης
401 1091 618 1174 κατορθώσει,
651 1089 886 1171 ἡσκηκνίας
919 1095 975 1168 τῆς
1008 1091 1189 1174 θεραπείας
1214 1095 1250 1154 τὸ
1274 1089 1377 1157 πολι]-

252 1229 372 1285 τροπον
397 1203 452 1267 διὰ
477 1207 537 1286 τὴν
562 1207 629 1266 τῶν
655 1201 929 1285 θεραπευομένων
948 1203 1102 1287 ποικίλην
1124 1206 1379 1271 σιίστασιν.Νοο

251 1325 323 1383 sunt
341 1318 414 1383 haec
435 1318 597 1383 admodum
617 1322 727 1403 aperte,
748 1316 852 1402 itaque
872 1317 966 1399 „baec
988 1339 1050 1383 non
1068 1318 1186 1404 integra
1206 1319 1379 1386 esseanim-

252 1431 380 1497 advertit
410 1431 564 1509 Buttm.‚''
595 1429 741 1516 probante
769 1430 938 1511 Dindorfio,
970 1453 1152 1517 quamquam
1179 1433 1254 1499 mibi
1277 1432 1379 1520 potins

253 1553 391 1633 corrupta
424 1568 515 1630 quam
549 1544 665 1609 defecta
688 1543 839 1610 videntur.
863 1545 906 1608 ut
926 1543 1149 1611 Buttmannum
1171 1547 1380 1633 praecedentia

252 1659 284 1725 in
303 1682 433 1725 errorem
456 1660 655 1737 induxerunt,
677 1658 787 1742 quibus
810 1665 877 1723 tum
899 1681 954 1724 nec
974 1665 1063 1746 caput
1081 1682 1139 1725 nec
1150 1683 1202 1747 pes
1214 1661 1380 1740 constabat,

253 1781 432 1863 quapropter
462 1773 588 1839 verbnm
620 1772 707 1858 ἔχειν
732 1773 770 1837 iis
798 1773 895 1837 voluit
918 1774 1066 1859 affingere.
1092 1774 1152 1839 Sed
1175 1775 1381 1862 praecedentia

253 1911 335 1953 nnnc
358 1911 421 1953 sese
444 1894 524 1954 recte
547 1886 669 1964 habent,
691 1893 722 1951 et
740 1887 836 1951 totius
854 1887 913 1951 loci
932 1888 1082 1953 sententia
1093 1895 1139 1953 est
1150 1895 1261 1976 aperta,
1272 1911 1381 1975 nempe

254 2002 344 2067 haec:
365 2002 517 2089 Sapientis
537 2007 593 2079 est,
614 2001 657 2065 ait
676 2000 844 2079 scholiasta,
857 2001 1014 2086 exquirere
1026 2003 1094 2087 quio
1107 2004 1298 2088 colloquendi
1316 2025 1381 2067 mo-

253 2114 310 2180 dus
331 2116 477 2200 cuiusque
499 2121 623 2180 naturae
642 2122 673 2180 et
692 2114 826 2180 moribus
846 2123 1063 2182 consentaneus
1083 2117 1140 2197 sit3
1161 2118 1258 2204 inepti
1271 2124 1380 2195 autem,

255 2228 335 2314 apud
358 2229 440 2294 varia
462 2228 622 2292 hominum
644 2249 753 2313 genera
779 2228 884 2293 eodem
907 2229 1098 2314 colloquendi
1121 2230 1211 2296 modo
1233 2231 1290 2296 uti.
1314 2230 1381 2296 nli-

255 2343 329 2427 quid
362 2348 463 2412 autern
485 2340 584 2405 simile
611 2341 644 2405 in
667 2340 816 2406 medicina
839 2343 889 2421 fit;
913 2366 1021 2430 nempe
1043 2367 1097 2431 pro
1120 2346 1203 2410 varia
1225 2367 1381 2432 aegrorum

256 2462 364 2521 natura
392 2455 481 2530 varii⁸
500 2454 625 2528 curandi
656 2455 739 2519 medi
770 2454 960 2522 adhibentur.
986 2457 1071 2522 Haec
1093 2458 1119 2522 si
1143 2460 1292 2524 sententia
1316 2481 1381 2523 cor-

256 2570 354 2656 ruptis
384 2569 496 2634 ncstris
527 2568 627 2633 verbis
658 2569 748 2647 inest,
771 2607 816 2616 -—
839 2575 876 2632 ut
898 2570 977 2633 inest
1000 2570 1064 2635 sine
1088 2571 1191 2650 dubio,
1214 2610 1259 2620 —
1281 2594 1382 2635 arnen-

257 2683 339 2748 datio
367 2691 413 2747 est
443 2681 601 2770 perspicua
631 2689 662 2746 et
691 2681 854 2747 lenissima.
880 2685 1044 2747 Τοῦτον
1069 2684 1118 2748 oui
1141 2687 1296 2762 referatur,
1319 2707 1381 2748 nen

257 2797 362 2874 video;
394 2796 615 2861 emendandum
645 2801 691 2859 est
722 2799 829 2873 τοῦτο,
864 2795 945 2878 quod
977 2797 1014 2860 ad
1037 2803 1133 2862 totam
1155 2797 1380 2884 praecedentem

258 2910 439 2975 sententiam
463 2910 601 2985 refertur,
627 2930 816 2992 quorumque
838 2907 1050 2974 vocabulorum
1074 2911 1317 2995 frequentissima
1337 2917 1403 2983 est,

257 3025 404 3088 confusio.
438 3023 557 3088 Deinde
587 3024 765 3108 ἡσκηκοίας
797 3023 830 3086 in
858 3028 1040 3106 ἡσκηκοῖοιν
1065 3025 1382 3106 mutandumoenseo,

256 3137 385 3200 relatum
416 3137 454 3200 ad
478 3138 642 3218 ἰατρικὴν,
669 3136 839 3200 mutatione
861 3136 969 3200 itidem
991 3137 1155 3216 lenissima,
1179 3161 1216 3202 ex
1239 3137 1383 3221 siglarum

258 3249 457 3314 similitudine
481 3245 643 3334 repetenda
668 3249 702 3333 ¹).
731 3250 813 3312 Nam
835 3251 1014 3332 ἡοκηκοίας
1038 3251 1064 3313 si
1087 3257 1232 3328 servatur,
1257 3251 1384 3315 coniun-

257 3369 346 3447 gatur
377 3385 496 3428 necesse
529 3370 575 3426 est
606 3371 658 3428 aut
681 3385 750 3427 cum
775 3361 904 3447 τέχνης,
930 3363 1010 3449 qnod
1033 3371 1214 3442 contortum,
1239 3372 1382 3429 anteum

259 3477 450 3559 θεραπείας,
484 3475 566 3560 quod
598 3475 771 3540 absurdum.
805 3476 902 3539 Totus
925 3477 1021 3561 igitur
1042 3476 1126 3542 locus
1149 3479 1192 3542 sic
1214 3477 1290 3541 mihi
1313 3499 1383 3541 con-

261 3591 432 3654 stituendus
456 3590 592 3654 videtur:
619 3594 675 3654 τὸν
700 3592 761 3672 γὰρ
786 3593 933 3665 ἑκάστοις
953 3595 1136 3675 πρόσφορον
1158 3597 1277 3674 τρόπον
1292 3588 1382 3662 ἐξεν-

260 3704 382 3786 ρίσκειν
416 3705 531 3784 σοφίας
564 3703 666 3768 ἐστίν·
700 3705 848 3785 α’μαθίας
881 3703 915 3766 δὲ
947 3707 983 3767 τὸ
1015 3707 1093 3787 πρὸς
1125 3706 1199 3777 τούς
1222 3703 1382 3784 α’νομοίως

261 3815 396 3900 ἔχοντας
422 3823 466 3900 τῷ
492 3821 546 3880 τοῦ
573 3816 671 3895 λόγον
695 3824 834 3902 χρῆσθαι
857 3821 1061 3902 μονοτρόπῳ.
1088 3817 1175 3902 ἔχειν
1200 3816 1235 3880 dr'
1258 3821 1381 3880 τοῦτο

262 3933 316 3993 καί
352 3935 411 4010 τὴν
448 3933 598 4013 ἰατρικὴν
631 3933 666 3996 ἐν
700 3939 740 4015 τῇ
770 3938 826 4010 τῆς
861 3930 977 4016 τέχνης
1008 3935 1225 4012 κατορθώσει,
1261 3934 1383 4012 ἠσκη-

262 4049 388 4107 κοῖαν
418 4053 474 4126 τῆς
506 4046 686 4129 θεραπείας
718 4048 754 4108 τὸ
778 4042 999 4127 πολιίτροπον,
1025 4043 1079 4107 διὰ
1104 4049 1164 4125 τὴν
1188 4048 1255 4108 τῶν
1279 4051 1382 4125 θερα-

260 4157 448 4240 πευομένων
481 4157 635 4241 ποικίλην
661 4151 817 4223 σύστασιν
840 4157 880 4246 ²).
900 4158 1004 4224 Habet
1025 4159 1106 4224 enim
1128 4159 1219 4236 idem,
1244 4157 1325 4242 qnod
1349 4157 1382 4220 in

296 4449 314 4508 ¹)
333 4450 384 4498 Cir.
403 4450 468 4499 ant.
487 4450 579 4500 Comm.
597 4449 647 4500 Pol.
666 4466 689 4517 p.
708 4449 766 4508 tte,
784 4450 808 4498 et
823 4465 848 4514 p.
867 4448 924 4502 tto.

295 4539 315 4601 ί)
332 4541 410 4590 Subst.
427 4539 553 4598 οίισιιισις
569 4543 606 4592 ter
622 4543 703 4605 quater
721 4541 746 4590 in
769 4541 854 4592 nostris
876 4539 975 4590 Scholiis
992 4539 1085 4606 legitur,
1102 4539 1140 4589 aad
1158 4553 1248 4603 semper
1264 4554 1381 4590 commen·

261 4631 332 4681 dandi
354 4632 527 4696 significatione,
554 4634 581 4681 nt
604 4633 675 4683 verbo
697 4633 852 4682 συνιστάναι
879 4631 1016 4696 respondeat
1038 4631 1099 4682 idem
1119 4631 1268 4697 significanti,
1292 4632 1382 4697 dequo
