3454 5330
873 674 915 732 92

372 861 452 933 Ζεύς
478 857 506 922 δ’
532 855 622 942 ἔλαχ’
646 855 785 938 οὐρανὸν
814 854 908 938 εὐρύν
936 855 971 917 ἐν
997 851 1109 936 αἰθέρι
1135 854 1189 917 καὶ
1216 849 1400 936 νεφέλῃσιν.

373 979 473 1051 γαῖα
499 970 527 1035 δ’
553 970 615 1034 ἔτι
640 969 745 1050 ξυνὴ
772 979 942 1035 πάντων
968 971 1022 1032 καὶ
1046 969 1167 1051 μακρὸς
1191 965 1346 1049 ὄλυμπος,

329 1088 366 1153 ad
389 1109 476 1172 quern
499 1086 599 1150 locum
626 1084 738 1149 scholia
762 1084 852 1148 etiam
875 1083 966 1168 digna
989 1089 1061 1148 sunt
1084 1105 1159 1166 quae
1182 1082 1381 1146 conferantur.

375 1201 403 1275 ζ.
431 1205 493 1264 149
517 1222 598 1284 seqq.
632 1198 755 1283 Ulysses
785 1199 818 1263 in
850 1198 1019 1262 Phaeacum
1045 1197 1144 1263 insula
1166 1196 1391 1283 expergefactus
1413 1219 1450 1260 ex

329 1337 433 1380 somno
468 1313 649 1379 Narnicaam
683 1312 848 1398 alloquitur
882 1310 1027 1377 auxilium
1058 1310 1095 1376 ab
1125 1333 1159 1376 ee
1192 1316 1296 1397 petens
1327 1310 1451 1395 eiusque

329 1427 563 1496 misericordiam
585 1433 621 1492 ut
642 1431 769 1503 moveat,
793 1426 836 1490 ita
859 1425 951 1490 dicit:

398 1539 511 1626 χθιζὸς
535 1541 686 1623 ἐεικοστῷ
710 1544 814 1620 φόνον
838 1543 935 1621 ἤματι
961 1538 1081 1604 οἴνοπα
1105 1541 1241 1604 πόντον·

398 1660 501 1739 τόφρα
525 1653 560 1718 δέ
584 1653 616 1737 μ’
640 1656 704 1719 ciel
730 1657 814 1736 κῦμα
838 1657 927 1736 φόρει
953 1651 1112 1736 κραιπναί
1136 1677 1168 1716 τε
1194 1648 1332 1716 θύελλαι

398 1775 496 1849 νήσου
520 1767 576 1831 ἀπ’
602 1768 771 1849 Ὠγυγίης·
821 1766 879 1856 (vs.
904 1769 967 1832 170
992 1767 1101 1856 seqq).

330 1885 379 1948 Ad
413 1885 521 1949 lemma
557 1882 671 1966 χθιζὸς
705 1883 855 1965 ἐεικοστῷ
890 1882 948 1946 hoc
983 1881 1117 1947 scholion
1147 1889 1202 1958 est,
1238 1886 1387 1946 servatum
1418 1881 1452 1944 in

331 1997 422 2068 HPQ
456 1995 505 2059 ἐπ’
530 1994 613 2060 ἄλλο
643 1989 728 2070 εἶδος
757 1996 947 2081 μεταβαίνει
975 1998 1019 2070 εἷς
1044 1994 1135 2060 ἔλεον
1160 1999 1262 2060 κινῶν
1286 1998 1345 2074 τὴν
1370 2020 1453 2078 παρ-

331 2109 445 2174 θένον.
480 2114 550 2174 καὶ
573 2110 617 2172 τὸ
647 2110 760 2182 εἰκὸς
785 2115 836 2191 τῷ
861 2115 1060 2194 τεχνικῷ.
1083 2114 1118 2174 τὸ
1141 2113 1201 2192 μὲν
1225 2111 1287 2192 γὰρ
1312 2111 1369 2182 τὰς
1393 2108 1452 2174 δύο

330 2222 450 2307 ἡμέρας
474 2225 530 2286 τοῦ
556 2223 717 2301 ναυαγίου
743 2225 846 2288 εἰπεῖν
871 2211 969 2304 ἧττον
995 2227 1191 2307 περιπαθὲς,
1217 2221 1390 2309 συλλαβῶν
1416 2222 1451 2286 δὲ

331 2341 397 2402 τῶν
416 2340 542 2420 ἡμερῶν
564 2339 620 2400 τὸν
642 2336 784 2421 α’ριθμὸν
807 2338 841 2401 ἐν
864 2331 917 2412 αἶς
935 2335 1057 2402 ἐτέλεσε
1079 2343 1137 2419 τὴν
1153 2341 1319 2421 συμφορὰν
1334 2337 1456 2402 ἐδεινο-

332 2453 477 2534 ποίησεν.
511 2450 693 2536 Quicunque
722 2451 795 2516 haec
817 2452 864 2516 vel
888 2451 986 2517 obiter
1008 2453 1176 2539 perlegerit,
1199 2452 1380 2517 assentiatur
1400 2475 1454 2517 ne-

332 2588 412 2631 cesso
441 2572 488 2630 est
517 2564 685 2643 Dindorlio‚
717 2566 790 2630 haec
813 2567 965 2632 monenti:
992 2566 1115 2650 „Verba
1137 2589 1199 2632 non
1220 2565 1369 2652 iutegra‚''
1394 2566 1451 2644 vel,

332 2687 368 2745 ut
400 2680 474 2745 mihi
505 2680 634 2758 videtur,
667 2688 807 2768 corrupta
838 2682 948 2768 potius.
973 2683 1055 2747 Nam
1078 2683 1158 2768 quod
1182 2681 1212 2753 Q
1234 2681 1370 2768 praebet:
1396 2683 1451 2744 καὶ

331 2798 367 2858 τὸ
401 2797 484 2868 alnoo
517 2799 561 2876 τῷ
591 2819 624 2858 τε
659 2804 797 2880 χρονικῷ
826 2797 917 2861 ctiam
940 2797 1035 2882 magis
1057 2797 1156 2862 everi
1178 2794 1307 2882 vestigio
1329 2795 1451 2861 recedit.

331 2909 401 2993 Ipse
424 2915 525 2972 tamen
548 2931 582 2972 ea
605 2909 687 2973 varia
708 2908 837 2973 lectione
860 2909 957 2995 primo
980 2910 1123 2997 deceptus
1146 2931 1223 2986 sum,
1248 2931 1341 2992 quum
1364 2931 1401 2973 ox
1419 2931 1453 2972 ea

331 3043 473 3106 reponere
496 3015 618 3085 vellem:
645 3023 700 3084 καὶ
724 3023 761 3084 τὸ
786 3015 879 3105 εἶδος,
907 3021 991 3109 (nem
1015 3026 1098 3097 εἰκὸς
1123 3027 1154 3086 et
1177 3015 1261 3096 εἶδος
1285 3020 1402 3108 saepius
1420 3021 1453 3086 in

331 3134 378 3197 his
402 3137 570 3219 permutata
592 3140 672 3211 sunt,
702 3141 733 3197 et
757 3136 841 3208 εἰκὸς
865 3135 943 3199 nihil
965 3135 1025 3200 hnc
1047 3135 1145 3225 facit)
1170 3141 1215 3220 τῷ
1241 3139 1393 3222 χρονικῷ,
1418 3142 1454 3200 ut

333 3246 482 3311 sententia
513 3268 547 3310 ea
580 3253 666 3324 esset,
699 3268 793 3331 quum
816 3245 940 3332 Ulysses
964 3249 1081 3313 dicatur
1105 3247 1154 3312 ἐπ’
1179 3248 1263 3313 ἄλλο
1288 3241 1372 3324 εἶδος
1394 3275 1452 3329 με-

332 3359 517 3443 ταβαίνειν,
551 3358 627 3423 illud
662 3351 746 3433 εἶδος
769 3384 805 3425 eo
828 3361 1000 3439 consistere,
1024 3367 1059 3427 ut
1082 3361 1197 3448 puellae
1219 3361 1455 3428 misericordiam

332 3477 451 3537 moveat
489 3471 711 3557 longinquitate
741 3475 895 3561 temporis,
931 3475 1012 3560 quod
1041 3476 1074 3540 in
1104 3498 1190 3540 saevo
1220 3481 1250 3540 ct
1279 3475 1455 3542 turbulento

304 3584 407 3660 ,mari
442 3584 566 3670 degerit.
598 3567 657 3650 sed
689 3609 759 3651 mox
791 3587 854 3653 vidi
885 3588 962 3652 hanc
983 3611 1045 3654 non
1068 3610 1132 3654 csse
1154 3611 1253 3654 veram
1275 3589 1453 3668 lectionem3

331 3723 387 3764 nec
421 3699 502 3765 enim
538 3699 619 3764 unde
654 3724 686 3763 τε
727 3701 843 3766 venerit
882 3708 965 3788 patet
1000 3724 1097 3787 neque
1135 3723 1188 3767 cur
1227 3707 1365 3787 χρονικῷ
1400 3725 1455 3789 pro

334 3817 437 3897 χρόνῳ
471 3813 587 3878 dictum
618 3813 666 3890 sit,
700 3814 855 3879 commode
886 3814 1027 3901 explicari
1052 3821 1160 3901 potest.
1185 3816 1245 3881 Sed
1271 3815 1304 3880 in
1326 3815 1455 3881 lectione
1527 3887 1534 3912 '

332 3926 418 3991 codd.
450 3925 519 3990 PH.
553 3928 607 3988 καὶ
640 3929 676 3990 τὸ
707 3929 821 4002 εἰκὸς
854 3933 906 4013 τῷ
938 3935 1133 4011 τεχνικῷ,
1165 3951 1347 4014 quamquam
1370 3951 1454 3994 men-

332 4039 413 4118 dosa,
444 4039 688 4105 manifestissima
718 4047 790 4105 sunt
819 4041 882 4106 veri
909 4041 1075 4126 reperiendi
1098 4040 1218 4119 indicia,
1242 4064 1312 4106 nam
1335 4042 1455 4130 scripsit

333 4151 506 4218 scholiasta:
551 4155 605 4216 καὶ
642 4157 676 4218 τὸ
721 4156 898 4234 εἰκοστῷ
939 4158 1161 4238 τεχνικῶς,
1205 4153 1374 4220 coniunctis
1415 4155 1454 4220 iis

333 4287 409 4349 quae
431 4265 546 4331 scribac
577 4267 652 4331 male
681 4267 715 4330 iu
743 4267 816 4330 duas
846 4272 943 4352 partes
974 4266 1207 4353 dispescuerunt.
1239 4268 1332 4332 Nunc
1355 4269 1455 4334 omnia

333 4386 400 4464 apte
431 4379 590 4444 cohaerent
619 4385 650 4444 et
678 4379 756 4444 nihil
786 4385 832 4444 est
862 4379 943 4464 quod
974 4379 1134 4444 desiderari
1164 4379 1275 4466 possit3
1300 4381 1338 4444 ad
1365 4382 1454 4448 verbe

332 4491 414 4555 enim
437 4491 578 4556 Homeri:
609 4491 724 4576 χθιζὸς
749 4491 956 4577 ἐεικοστῷ
981 4497 1084 4574 φονου
1108 4495 1207 4574 ἤματι
1231 4492 1352 4557 οἴνοπα
1376 4496 1452 4558 πόν-

333 4627 390 4668 τον
416 4603 607 4671 observatur:
633 4607 688 4669 καὶ
715 4609 750 4670 τὸ
776 4596 956 4691 εἰκοστῷ
982 4609 1147 4692 τεχνικῶς.
1175 4609 1209 4670 τὸ
1233 4609 1293 4689 μὲν
1315 4610 1376 4691 γὰρ
1396 4608 1454 4682 τὰς
