3454 5330
708 644 847 718 ,so

268 827 454 912 Legendum‚
477 821 539 890 leni
561 826 609 891 vel
631 826 732 912 potius
755 826 839 891 nulla
861 827 1047 893 mutatione:
1073 832 1267 912 πάρεστι,
1292 830 1388 895 etsie
1423 823 1425 825 ¹

264 941 385 1005 tandem
415 940 499 1005 locus
528 962 589 1005 non
620 941 823 1026 longissimus,
855 941 909 1006 sed
939 942 1081 1008 molestus
1110 941 1281 1021 admodum,
1305 965 1386 1008 com-

265 1054 361 1132 mode,
385 1061 421 1118 ut
444 1076 529 1140 spero
551 1054 612 1140 legi
631 1061 662 1118 et
681 1053 818 1139 intellegi
836 1055 957 1139 poterit.

305 1194 339 1248 μ.
367 1169 429 1232 175
456 1167 493 1231 ad
514 1190 558 1232 vs.
583 1161 671 1249 αἶψα
696 1167 727 1231 δ’
758 1166 879 1234 ἰαίνετο
904 1173 1013 1252 κηρὸς,
1039 1169 1109 1232 εἰτεί
1132 1167 1242 1232 κέλετο
1261 1169 1385 1253 μεγάλη

264 1282 295 1353 ’ίς
318 1278 338 1370 Ι]
361 1278 499 1344 Ἠελίου
522 1286 552 1344 τ’
577 1279 660 1360 αὐγή
683 1287 740 1345 cto.
765 1280 867 1345 editur
885 1280 1020 1346 scholion
1046 1304 1083 1347 ex
1105 1280 1138 1346 H
1156 1281 1216 1346 ita:
1244 1282 1381 1368 ἰαίνετο]

262 1392 387 1468 ἁπαλὸς
408 1393 548 1471 ἐγένετο,
571 1392 725 1477 διεχέετο.
747 1391 871 1475 μεγάλη
891 1399 911 1474 ἡ
931 1394 974 1472 ἰ’ς,
997 1400 1017 1474 η’
1040 1398 1144 1479 θερμὴ
1170 1393 1307 1477 δύναμις
1328 1400 1385 1459 τοῦ

262 1512 373 1592 πυρός.
402 1507 486 1572 Luce
517 1506 626 1571 clarius
657 1514 712 1584 est,
744 1507 805 1571 duo
834 1506 946 1571 scholia
977 1508 1010 1571 in
1042 1529 1139 1571 unum
1170 1508 1324 1587 coaluisse,
1356 1515 1387 1572 et

261 1622 334 1686 hoec
363 1622 407 1686 sic
429 1643 493 1686 esse
512 1620 714 1707 disponendo:
741 1621 880 1704 ἰαίνετο]
909 1618 1037 1694 ἁπαλὸς
1062 1618 1203 1698 ἐγένετο,
1229 1618 1383 1705 διεχέετο.

260 1733 383 1817 μεγάλη
419 1736 469 1819 [ί]
496 1733 542 1818 ἰ’ς]
569 1739 589 1814 ἡ
616 1737 719 1816 θερμὴ
753 1731 889 1814 δείναμις
922 1736 978 1796 τοῦ
1010 1735 1122 1816 πυρὸς,
1156 1754 1226 1797 nam
1249 1740 1386 1819 apertum

262 1854 316 1926 est,
347 1847 437 1913 verbe
458 1845 583 1929 μεγάλη
607 1847 649 1930 λς,
674 1886 719 1895 -
738 1845 899 1910 delendum
929 1851 976 1910 est
997 1852 1018 1926 ἡ
1041 1851 1110 1909 ante
1133 1846 1176 1923 ἰς,
1201 1846 1282 1930 quod
1304 1846 1386 1912 unde

261 1961 385 2038 venerit,
410 1959 619 2044 unusquisque
641 1959 734 2036 videt,
757 1997 801 2008 —
824 1959 933 2022 lemma
955 1980 1020 2022 esse
1043 1957 1216 2044 posterioris
1239 1957 1354 2022 scholii.

305 2072 354 2136 Ad
385 2070 416 2150 ξ,
451 2073 514 2135 496
546 2072 656 2137 iterum
687 2093 725 2136 cx
747 2071 810 2136 solo
842 2070 874 2135 H
905 2071 1020 2136 editum
1052 2077 1113 2149 est:
1147 2069 1235 2144 τινές
1270 2095 1383 2153 φασιν,

261 2187 369 2260 ένίους
401 2187 603 2268 ἠγνοηκότας
639 2187 675 2248 τὸ
712 2183 822 2270 [ἕδος]
853 2186 911 2248 τοῦ
943 2188 1093 2268 ποιητοῦ,
1119 2185 1169 2248 ὅτι
1195 2184 1273 2259 ἕδος
1297 2186 1385 2254 ἐστίν
1492 2246 1493 2249 ,

262 2299 351 2380 αὐτῷ
382 2297 446 2360 οἰπδ
478 2301 534 2362 τοῦ
565 2300 627 2382 γὰρ
659 2301 834 2381 ἄρχεσθαι,
867 2295 923 2359 διὰ
956 2301 1053 2362 τοῦτο
1086 2296 1292 2366 πεπλακέναι
1326 2302 1384 2365 τὸν

262 2413 385 2497 οτίχον.
411 2412 450 2476 In
473 2412 520 2477 bis
542 2418 622 2477 recte
644 2410 830 2489 Dindorfius,
854 2448 898 2458 —
921 2418 957 2475 ut
978 2411 1099 2476 monuit
1117 2411 1150 2476 in
1169 2413 1247 2498 App.
1268 2433 1297 2497 p.
1321 2413 1383 2475 791

261 2526 298 2589 ed
324 2549 353 2611 p.
380 2529 443 2589 599
467 2525 488 2589 l.
514 2529 566 2603 28,
590 2563 634 2574 —-·
655 2525 692 2587 τὸ
715 2531 747 2589 et
769 2526 825 2587 τοῦ
847 2525 975 2602 eddidit,
996 2524 1100 2589 omisit
1117 2545 1287 2610 expungere
1299 2523 1382 2609 prius

262 2639 352 2716 ἔθος,
378 2639 459 2723 quod
488 2639 552 2703 sine
575 2638 669 2704 dubio
692 2637 894 2724 dittographr'a
923 2644 977 2715 est,
1001 2644 1092 2722 atque
1114 2658 1176 2701 non
1198 2635 1258 2700 nisi
1279 2657 1315 2700 eo
1339 2657 1383 2700 rc-

260 2758 343 2816 moto
365 2751 496 2836 intelligi
519 2757 627 2838 petest,
652 2773 706 2816 cur
727 2754 763 2814 τὸ
784 2751 938 2815 exciderit.
963 2752 1082 2836 Nempe
1100 2749 1133 2814 in
1152 2751 1265 2813 τὸτοῦ
1289 2770 1383 2834 quum

259 2865 362 2930 ecdem
386 2864 498 2950 syllaba
523 2863 587 2951 (το)
611 2865 658 2928 bis
681 2864 838 2929 scribenda
854 2871 942 2943 esset,
963 2863 1054 2930 semel
1075 2863 1186 2950 scripto
1206 2870 1262 2943 cst,
1275 2863 1384 2929 deinde

261 2977 371 3062 aliquis
408 2978 442 3043 in
471 2978 530 3056 his,
559 2980 763 3060 ἠγνοηκότας
795 2979 851 3041 τοῦ
882 2981 1034 3061 ποιητοῦ,
1067 2978 1247 3045 vocabulum
1281 2979 1383 3043 deesse

260 3099 342 3158 ratus
377 3092 459 3156 unde
488 3090 656 3177 genitivus
670 3092 821 3179 penderet,
850 3115 887 3157 ex
917 3092 1113 3178 sequentibus
1143 3093 1263 3158 infersit
1294 3091 1383 3170 ἔθος,

260 3206 341 3289 quod
381 3227 457 3291 quae
499 3206 678 3271 emendandi
712 3205 819 3292 peritia
859 3206 982 3272 Graecis
1016 3205 1235 3272 correctoribus
1280 3207 1382 3284 fuerit,

258 3318 378 3383 abunde
400 3319 540 3384 declarat.

301 3433 438 3498 Tandem
460 3455 497 3498 ex
516 3431 553 3510 Τ,
582 3433 619 3496 ad
642 3458 665 3493 ι.
693 3436 733 3496 35
758 3434 958 3518 expungenda
979 3440 1026 3498 est
1048 3455 1139 3521 parva
1161 3433 1380 3520 dittographis:

258 3544 314 3608 οὐκ
338 3549 381 3610 διν
407 3543 539 3629 ἑλοίμην
569 3550 678 3610 πᾶσαν
704 3543 932 3626 εὐδαιμονίαν
961 3545 1128 3631 [οἰν]έχειν
1151 3545 1271 3610 ἐνθάδε
1296 3546 1381 3609 κατὰ

256 3658 406 3744 στέρησιν
436 3666 492 3738 τῆς
523 3657 693 3743 πατρίδος·
720 3657 833 3722 dicitur
859 3659 957 3722 enim:
992 3657 1205 3740 εὐδαιμονίαν
1229 3658 1326 3743 ἔχειν.
1350 3665 1383 3722 et

257 3795 293 3836 ex
316 3772 348 3837 H
371 3773 409 3837 ad
432 3791 471 3856 ιγ.
499 3777 550 3836 28.
575 3775 655 3853 μετὰ
685 3774 771 3856 [τοῦ]
798 3774 904 3850 ἤθους
926 3774 944 3834 o‘
963 3768 1070 3848 λόγος.
1092 3771 1280 3837 Solenneest
1294 3772 1381 3836 seho-

257 3885 354 3951 h'astis
385 3886 484 3950 dicere
512 3887 593 3966 μετὰ
623 3888 737 3968 ἤθους,
770 3885 852 3969 quod
882 3884 988 3967 quovis
1012 3883 1120 3972 pagine
1142 3885 1259 3950 occurit
1293 3884 1379 3949 etin

257 3998 304 4062 his
323 3998 441 4063 duobus
464 3997 538 4062 locis
558 4020 647 4063 censa
669 3998 778 4064 erroris
801 3999 834 4062 iu
857 4003 1000 4085 promptu
1021 4004 1076 4064 est.

299 4111 404 4177 Unum
440 4134 522 4177 nunc
559 4111 700 4176 indicabo
728 4111 839 4190 locum,
870 4109 925 4175 ubi
956 4117 977 4191 η’
1008 4117 1188 4196 παρήχηοις
1222 4111 1378 4177 librarium

259 4227 366 4292 fefellit
388 4227 441 4304 ita,
465 4233 500 4290 ut
523 4227 604 4310 quod
627 4228 718 4292 semel
740 4224 932 4291 scribendum
957 4233 1030 4304 eret,
1055 4226 1102 4290 bis
1124 4233 1258 4311 poneret,
1282 4226 1379 4291 etsie

234 4340 429 4424 ,extruderet
451 4339 533 4404 eliud
555 4339 755 4404 necessarium
778 4339 968 4418 vocabulum,
996 4340 1078 4424 quod
1101 4343 1295 4405 tamencerte
1306 4362 1377 4404 con-

253 4453 368 4518 iectura
404 4454 536 4518 revocari
575 4459 683 4539 potest.
722 4453 879 4519 Menelaus
910 4453 1029 4539 Ulyssis
1060 4453 1236 4520 memoriam
1266 4453 1375 4533 inlicit,

254 4588 382 4652 eumque
404 4567 465 4632 iam
488 4567 604 4632 dudum
626 4572 779 4633 mortuum
805 4590 869 4634 esse
890 4567 1074 4656 suspicatur:
