3442 5330
783 621 822 682 37

247 827 299 878 νος
324 809 400 888 παρ’
424 801 533 868 αὐτῶν
556 804 725 888 ἕμπαιχθῇ
745 829 788 866 τι.
811 801 874 867 Ubi
894 803 995 881 miror,
1016 824 1113 889 neque
1132 804 1363 884 Buttmannum‚

246 941 339 1004 neque
371 925 476 1005 postea
504 916 697 1012 Dindorfium
720 940 827 983 ausum
854 941 917 984 esse
939 918 972 983 in
995 925 1112 983 textum
1136 919 1264 1005 recipere
1287 921 1365 1005 opti·

245 1054 322 1096 mam
337 1031 444 1119 prioris
464 1031 717 1098 observationem:
741 1030 832 1113 „Hoc
843 1032 1022 1097 vocabulum
1039 1031 1250 1117 (οἰκονομίας)
1263 1033 1365 1098 neseio

245 1146 392 1232 quomodo
429 1145 490 1209 huo
526 1146 652 1223 venerit,
683 1146 721 1211 ad
753 1167 879 1230 sequens
914 1147 969 1209 τοῦ
1004 1149 1144 1229 Ὁμήρου
1179 1144 1363 1231 pertinens.''

247 1259 350 1345 (Dind.
380 1282 409 1346 p.
446 1262 520 1335 358,
549 1261 595 1342 9.)
628 1259 661 1323 Si
692 1257 899 1323 Buthnannns
930 1258 1023 1324 illud:
1050 1259 1171 1340 „neseio
1192 1260 1363 1345 quomodo''

245 1373 319 1438 serio
341 1372 430 1450 dixit,
454 1393 551 1458 neque
572 1372 668 1457 magis
691 1378 728 1435 nt
750 1371 915 1438 sententiae
935 1393 1060 1437 numero
1081 1371 1259 1450 consuleret,
1279 1373 1365 1438 facile

244 1495 289 1552 est
311 1487 496 1574 respondere,
525 1488 640 1552 factum
662 1486 694 1550 id
717 1486 813 1551 videri
837 1508 871 1550 ea
894 1487 931 1550 de
954 1508 1050 1564 causa,
1075 1487 1156 1572 qnod
1182 1507 1254 1552 voc:
1279 1490 1365 1552 οἰκο-

246 1603 371 1683 νομίας,
404 1606 473 1688 post
502 1605 642 1684 Ὀμήρου
674 1600 828 1678 omissum,
860 1622 948 1687 snpra
979 1600 1089 1664 lineam
1109 1599 1236 1666 inseruit
1258 1601 1364 1679 scriba,

244 1716 286 1780 ite
308 1723 344 1779 ut
365 1715 536 1802 proximum
558 1722 636 1780 esset
659 1713 848 1801 praecedenti
875 1713 980 1792 lineae,
1004 1713 1085 1778 unde
1108 1722 1210 1801 posteo
1233 1714 1267 1779 in
1288 1717 1366 1780 hano

245 1834 396 1917 receptum
426 1836 480 1894 eat.
513 1828 668 1894 Glossema
695 1827 830 1894 adhaesit
852 1826 950 1892 variae
969 1827 1090 1892 lectioni
1111 1830 1144 1913 β.
1172 1831 1245 1894 116.
1269 1830 1291 1892 d
1315 1831 1363 1894 oi:

245 1946 344 2022 τινὲς,
369 1945 434 2008 dol
458 1945 550 2027 αὐτῇ,
575 1943 612 2007 ad
635 1964 712 2028 quae
734 1941 910 2006 Dindorfins
929 1941 962 2006 in
981 1947 1070 2005 nota:
1094 1941 1264 2024 „Abscede
1283 1943 1367 2028 αὐτῇ

244 2057 364 2123 videtur
385 2057 533 2142 glossema
554 2079 618 2122 esse
641 2056 679 2120 ad
703 2057 734 2119 οἱ
766 2053 982 2141 adscriptum‚''
1007 2079 1083 2141 qnae
1107 2056 1261 2124 verissima
1284 2066 1364 2126 sunt.

245 2171 317 2236 Sine
339 2171 433 2236 dubio
463 2170 558 2256 igitur
585 2174 668 2253 αὐτῇ
700 2169 861 2235 delendnm
884 2176 938 2235 est.
962 2171 1042 2234 Item
1064 2171 1212 2258 expunxit
1234 2171 1367 2238 Dindor-

244 2283 301 2352 fius
331 2286 478 2372 glossema
507 2285 539 2349 in
569 2284 626 2362 his,
656 2310 690 2365 μ.
710 2288 787 2348 ¹8⁴11:
820 2281 934 2368 σχεδὸν
969 2281 1071 2358 ἔδειξε
1108 2286 1143 2348 τὸ
1175 2291 1275 2367 μῆκος
1300 2291 1365 2352 τῶν

246 2399 361 2484 decedo
397 2399 556 2486 [πετρῶν]
592 2396 731 2481 πηλίκον
764 2392 815 2477 ἦν
849 2397 1011 2463 Rationem
1047 2397 1180 2463 reddidit
1219 2400 1252 2464 in
1286 2402 1365 2486 App.

245 2537 274 2601 p.
301 2518 374 2580 ⁷8⁷.
399 2513 537 2596 „Scclusi
560 2517 706 2597 πετρῶντ
730 2511 790 2578 nisi
808 2510 876 2596 quis
896 2517 962 2575 τῶν
987 2509 1216 2596 δολιχοδείρων
1237 2519 1365 2597 πετρῶν

247 2627 335 2692 scribi
358 2629 441 2694 velit.
473 2629 509 2690 τὸ
541 2624 762 2711 ὁολιχόδειρον
792 2631 847 2706 τῆς
879 2623 1032 2708 Σκύλλης
1065 2624 1144 2690 dixit
1177 2626 1365 2705 Eustathius

247 2765 275 2828 p.
307 2744 404 2819 1714,
437 2739 793 2809 lc.''1taDind0rfius.
819 2739 853 2804 si
877 2738 952 2823 qnid
975 2738 1073 2816 video,
1098 2744 1230 2825 praestat
1252 2763 1366 2827 expun-

246 2855 332 2922 xisse.
650 2917 652 2922 .

290 2969 435 3034 Praemisi
457 2968 539 3046 haec,
563 2974 600 3032 nt
620 2967 697 3032 mihi
718 2968 808 3032 fidem
832 2968 968 3044 facerem,
993 2964 1108 3052 reliqua
1131 2967 1229 3034 omnis
1251 2969 1368 3053 generis

247 3084 458 3161 additamenta,
481 3105 559 3169 quae
577 3081 700 3168 quidem
722 3081 797 3146 mihi
824 3104 888 3147 sese
911 3079 1096 3158 obttderunt
1125 3081 1265 3169 deinceps
1287 3083 1367 3148 indi-

247 3205 359 3276 caturo,
383 3197 417 3262 in
437 3196 547 3283 quibus
571 3202 643 3262 sunt
664 3195 810 3280 quaedem
829 3195 988 3261 manifesta
1008 3194 1098 3260 simul
1117 3202 1148 3260 et
1167 3196 1366 3282 putidissime.

248 3313 403 3377 Glossema
423 3310 503 3376 inest
525 3309 558 3374 in
581 3308 681 3374 verbis
714 3308 819 3374 scholii
842 3310 879 3374 ad
903 3334 934 3372 α.
960 3313 1035 3387 208,
1059 3308 1113 3374 nbi
1138 3309 1257 3376 Montes
1281 3311 1368 3376 Tele-

248 3426 368 3491 mecho:

271 3541 371 3613 αίνῶς
393 3541 453 3621 μὲν
479 3535 623 3620 κεφαλὴν
649 3563 682 3602 τε
708 3538 762 3601 καί
787 3538 916 3618 ὄμματα
941 3533 1026 3598 καλοί
1050 3534 1160 3608 ἔοικας

271 3655 368 3736 κείνῳ
392 3651 520 3741 (Ulyssi)
546 3653 615 3715 ἐπεί
640 3653 734 3733 θαμὰ
760 3654 847 3714 τοῖον
870 3650 1057 3730 ἐμισγόμεθ’
1078 3646 1268 3728 ἀλλήλοισιν
1289 3657 1345 3714 etc.

248 3766 388 3855 Explicat
409 3767 442 3832 in
465 3766 512 3832 his
536 3771 626 3830 τοῒον
652 3763 810 3830 scholiasta
831 3764 889 3828 ite:
915 3763 1015 3835 οὕτως
1039 3763 1082 3834 ὡς
1102 3768 1192 3844 ἡμεῖς
1218 3763 1368 3848 [ἐμίχθη-
1410 3815 1414 3824 .

248 3883 322 3966 μεν]
350 3886 499 3964 σήμερον,
526 3882 581 3944 καί
604 3882 685 3962 μετὰ
708 3881 765 3943 τοῦ
791 3877 845 3941 ode
867 3879 988 3961 πατρὸς
1020 3879 1231 3960 ἓμισγὸμεθα.
1254 3879 1294 3942 In
1320 3877 1368 3941 his

250 3997 428 4082 ίμίχθημεν
453 4003 509 4073 est,
533 3995 615 4081 qnod
632 3995 724 4080 logici
744 3991 839 4070 aiunt,
861 3991 1058 4058 contradictio
1074 3991 1107 4056 in
1127 3969 1273 4056 terminia.
1294 3991 1369 4054 Sen-

249 4109 343 4176 tentia
369 4109 450 4176 enim
476 4110 550 4174 heae
576 4117 638 4174 est:
660 4117 696 4173 nt
726 4130 780 4172 nos
807 4129 912 4172 nuno
945 4128 1021 4172 nna
1054 4127 1203 4181 sumus,
1235 4143 1278 4152 -
1307 4126 1369 4167 non

249 4247 423 4301 eramus,
444 4263 489 4273 -
510 4224 554 4289 ite
585 4231 668 4311 patre
696 4229 750 4286 tuo
781 4204 888 4288 utebar
913 4222 1047 4286 antehae.
1075 4219 1246 4283 Delendnm
1275 4217 1370 4302 igitur

252 4333 443 4424 ίμίχθημεν.
467 4337 573 4404 Fidem
591 4338 691 4414 faciat,
723 4336 805 4422 quod
827 4336 928 4402 statim
952 4336 984 4399 in
1015 4333 1120 4398 eodem
1143 4333 1207 4397 ood.
1234 4331 1264 4403 Q
1286 4332 1370 4398 etin

251 4449 318 4516 HM
350 4450 502 4538 praecedit
532 4451 682 4516 scholion:
708 4454 744 4515 τὸ
768 4450 817 4530 δὲ,
844 4455 933 4513 τοῖον
959 4449 1173 4530 ίμισγόμεθα,
1199 4444 1274 4511 α’ντί
1299 4450 1369 4528 τοῦ,

252 4565 355 4649 τοίως,
387 4565 430 4639 ὥς
462 4567 521 4630 νῦν
555 4566 610 4629 καί
643 4543 745 4647 ἡμεῖς,
780 4565 842 4644 ἐγὼ
877 4564 932 4626 καί
958 4565 1005 4646 oc,
1030 4562 1112 4648 quod
1134 4561 1216 4626 idem
1240 4561 1373 4628 scholion
