3442 5330
770 627 811 692 38

225 819 275 886 sed
297 818 340 882 ita
361 823 480 883 statuo:
506 815 592 881 codd.
616 816 646 880 D
669 822 700 880 et
723 815 744 879 S
767 815 892 881 fluxisse
914 837 951 880 cx
971 812 1074 882 codice
1093 815 1248 882 simillimo
1259 813 1345 882 codd.

226 931 333 996 nostris
368 929 544 1007 Herleieuo,
577 928 778 993 Ambrosiano
802 927 833 998 Q
854 934 886 992 et
908 928 1142 1015 Hamhurgensi,
1168 929 1200 994 in
1223 952 1284 1016 qno
1304 929 1349 994 le-

226 1045 480 1130 viorequacdam,
501 1043 629 1128 quaein
652 1043 700 1108 his
723 1042 810 1106 codd.
834 1042 911 1107 vitio
933 1043 1079 1122 laborent,
1104 1049 1235 1109 correcte
1254 1051 1348 1122 erant,

226 1160 377 1237 nonnulle,
407 1179 484 1244 quac
515 1157 629 1222 scribae
661 1156 747 1221 codd.
781 1154 873 1225 HQr
895 1155 929 1219 in
952 1179 1006 1222 suo
1022 1157 1183 1244 exemplari
1210 1156 1350 1244 expedire

226 1295 286 1338 non
315 1278 462 1358 poterant,
494 1269 668 1335 distinctius
698 1268 885 1354 legebantur,
917 1269 969 1334 sed
1007 1270 1061 1354 qui
1097 1271 1248 1356 graviores
1285 1293 1350 1336 cor·

227 1385 357 1471 rupteles
380 1407 484 1450 omncs
507 1405 576 1448 cum
599 1383 657 1460 hie,
686 1405 762 1468 quos
785 1381 859 1460 dixi,
885 1380 1039 1447 codicibus
1063 1405 1236 1449 communes
1257 1383 1349 1448 hahe-

228 1499 286 1564 bat.
324 1498 389 1562 Has
423 1496 538 1562 scribae
577 1496 663 1560 codd.
703 1495 797 1566 Huc
826 1496 923 1560 securi
961 1496 1166 1583 apponebant;
1205 1497 1259 1584 qui
1297 1519 1350 1562 au·

229 1601 288 1676 tem
317 1612 347 1676 D
373 1618 405 1676 et
435 1611 467 1687 S,
490 1648 534 1657 —
565 1609 612 1674 vel
643 1609 752 1674 horum
781 1608 984 1696 archetypum,
1009 1647 1054 1658 -
1077 1609 1270 1697 scripserunt,
1303 1632 1352 1675 eas

231 1730 281 1788 eut
302 1725 478 1800 omiserunt,
511 1729 565 1787 eut
589 1721 735 1787 nonnulle
758 1721 927 1788 adiiciendo
952 1745 1054 1789 sanare
1077 1723 1177 1788 conati
1201 1729 1282 1788 sunt.
1307 1721 1353 1786 Ut

230 1835 260 1900 id
282 1836 370 1922 quale
392 1837 433 1901 sit
455 1834 591 1924 exemplo
614 1835 845 1913 demonstretur,
877 1835 1099 1901 consideremus
1121 1835 1231 1914 locum,
1256 1835 1353 1921 qualis

231 1948 279 2013 hic
300 1956 355 2014 est.
379 1950 429 2013 nd
452 1975 485 2012 α.
512 1952 587 2026 284,
612 1947 725 2033 legitur
747 1948 780 2011 in
799 1947 842 2026 H,
859 1985 904 1995 —
922 1949 1090 2035 iisdemque
1100 1949 1199 2016 verbis
1211 1949 1244 2015 in
1255 1948 1296 2027 D,
1309 1987 1352 1997 —

232 2063 365 2128 scholion
396 2063 557 2150 prolixum,
591 2062 696 2148 (Dind.
728 2086 758 2150 p.
785 2063 930 2152 51-54)
962 2063 996 2126 in
1014 2087 1075 2150 quo
1098 2068 1201 2130 contra
1222 2064 1353 2129 nonnul-

231 2176 328 2240 lorum
356 2177 610 2263 vituperationem
639 2177 810 2262 exponitur,
843 2184 923 2242 recte
952 2177 1057 2244 fecisse
1088 2178 1249 2256 Athonem,
1272 2177 1353 2263 quod

233 2289 445 2356 Telemachum
468 2289 558 2354 domo
578 2289 720 2367 emiserit,
741 2289 874 2354 reditum
894 2289 987 2376 petris
999 2290 1230 2356 sciscitaturum.
1243 2290 1353 2355 Multis

236 2402 330 2488 igitur
366 2403 551 2488 argumentis
586 2403 623 2467 ed
656 2402 748 2467 huius
783 2402 902 2468 consilii
932 2403 1109 2491 sapientiem
1140 2403 1354 2469 ostendendam

238 2517 368 2602 prolatis,
404 2523 517 2594 auctor,
548 2554 592 2564 —
622 2536 712 2603 quem
742 2514 943 2601 Porphyrium
966 2539 1029 2582 esse
1051 2516 1195 2603 suspicor,
1219 2555 1263 2565 —
1282 2516 1354 2580 haec

237 2629 337 2694 addit:
364 2628 419 2692 διὰ
443 2635 576 2695 πάντων
605 2620 662 2693 cdv
687 2629 842 2710 φαίνεται
867 2635 888 2710 ἡ
911 2627 1079 2712 ἀποδημία
1102 2627 1271 2706 ἀναγκαία
1296 2629 1351 2690 καὶ

237 2743 388 2826 κρείττων
403 2745 470 2806 ’καὶ
494 2741 604 2827 πολλῷ
629 2740 854 2824 ἀσφαλεστέρα
878 2748 934 2822 τῆς
957 2743 991 2807 ἐν
1016 2747 1138 2826 Ἰθάκῃ
1163 2740 1355 2824 ἐκδιηγή-

238 2881 309 2919 του
339 2859 420 2938 μετὰ
452 2864 508 2937 τῆς
533 2863 599 2921 τῶν
624 2860 814 2938 μνηστήρων
839 2854 1021 2940 διατριβῆς.
1048 2853 1231 2941 Corruptum
1253 2861 1300 2918 est
1322 2854 1356 2918 in

213 3047 217 3053 ⁵
237 2969 284 3034 hie
308 2968 514 3053 ἕκδιηγήτον,
539 2976 575 3034 nt
595 2969 685 3034 etiam
705 2968 752 3033 bis
771 2968 929 3033 admonuit
948 2967 1134 3046 Dindorfius,
1146 2968 1224 3056 App.
1238 2991 1267 3055 p.
1282 2969 1355 3046 738,

236 3059 266 3146 e
295 3083 415 3168 croug.
446 3105 475 3168 p.
499 3104 603 3148 xxxv.
637 3081 1002 3158 undecennium
1025 3081 1100 3146 min
1123 3082 1253 3168 contigue
1275 3104 1357 3167 repe-

237 3197 311 3274 rire3
344 3197 402 3261 hoc
431 3195 529 3273 video,
562 3217 682 3260 sensum
705 3194 982 3280 sententiarumque
1004 3217 1116 3260 nexum
1138 3195 1273 3282 flagitem
1295 3195 1357 3259 sive

237 3308 468 3386 substantivum,
500 3307 581 3394 quod
608 3308 689 3372 idem
712 3307 774 3371 fere
797 3306 1004 3391 significatae
1027 3306 1192 3392 διατριβή,
1218 3309 1290 3386 sive,
1314 3346 1358 3355 —

239 3445 297 3506 quo
326 3422 422 3508 magis
452 3420 576 3499 inclino,
607 3458 652 3467 -
682 3419 864 3484 adiectivum
887 3420 925 3484 ed
950 3419 1119 3506 διατριβῆς
1144 3421 1296 3508 pertinens
1322 3425 1357 3505 1).

241 3533 323 3605 Quid
346 3541 446 3600 eutem
471 3533 568 3598 scriba
591 3533 655 3598 cod.
681 3532 733 3596 Dr
758 3531 950 3597 Vocabulum
970 3532 1163 3616 ἐκδιηγήτον
1183 3556 1244 3598 non
1262 3533 1357 3618 magis

240 3671 327 3733 quem
348 3671 403 3712 nos
426 3647 587 3724 intellexit,
610 3668 707 3732 neque
728 3645 886 3711 emendare
908 3646 1016 3732 potuit.
1041 3646 1127 3711 Fecit
1149 3646 1253 3732 igitur,
1277 3647 1358 3730 quod

241 3762 321 3826 factu
350 3761 528 3826 facillimum
559 3767 640 3837 erat;
669 3759 772 3824 omisit
801 3757 961 3823 molestum
988 3758 1177 3836 vocabulum,
1201 3735 1359 3824 Dindoifio

241 3881 317 3940 teste
346 3875 378 3939 in
408 3873 506 3938 Praef.
539 3896 568 3960 p.
592 3893 697 3938 xxxv.
721 3871 833 3936 Statim
856 3879 933 3957 post,
958 3872 990 3936 in
1012 3872 1116 3937 eodem
1140 3871 1262 3949 scholio,
1287 3871 1360 3936 Ora·

243 4011 340 4055 merus
364 3987 442 4076 (ΠΙ.
466 4011 496 4074 p.
521 3988 601 4077 421)
626 3988 710 4053 dedit
731 4010 768 4051 cx
792 3986 834 4050 H.
855 3986 890 4048 τὸ
915 3990 975 4070 γὰρ
1002 3985 1108 4063 λέγειν
1132 3988 1196 4064 ὅτι,
1223 3987 1280 4048 ἵνα
1304 3987 1358 4049 ἐν·

244 4109 322 4188 τύχῃ
355 4109 400 4186 τῷ
432 4104 532 4184 πατρὶ
564 4105 633 4164 nul
666 4102 764 4174 τούς
784 4099 938 4184 ἀγρούς
963 4098 1035 4187 (sic)
1060 4098 1115 4162 decl
1139 4102 1233 4163 τοῦτο
1258 4097 1358 4163 αὐτὸν

279 4401 297 4460 ¹)
314 4403 435 4451 Praeterea
452 4400 628 4466 expungendum
645 4403 695 4450 tum
713 4401 748 4450 est
765 4406 822 4465 τῆς,
841 4399 901 4463 quod
919 4399 1030 4448 omittunt
1047 4397 1073 4446 H
1091 4399 1144 4460 (cir.
1164 4395 1264 4448 Dindorf
1278 4398 1303 4448 iu
1319 4398 1359 4447 ad·

246 4492 362 4540 nouenae
377 4494 401 4540 et
416 4491 478 4542 deest
494 4491 563 4541 etiem
580 4508 618 4556 ep.
638 4492 791 4552 Crumerum.)
809 4495 832 4541 et
849 4493 871 4538 D
889 4491 976 4552 (Prees.
993 4505 1017 4554 p.
1032 4492 1125 4550 xxxv).
1141 4487 1209 4536 Unde
1223 4488 1296 4554 igitur
1304 4489 1361 4540 illud

246 4587 293 4646 τῆς
310 4584 390 4631 uatum
407 4585 458 4632 est?
476 4583 538 4631 Nam
555 4582 579 4631 iu
594 4581 681 4632 duobus
696 4582 763 4632 codd.
779 4583 835 4632 HD.
852 4580 911 4630 unde
924 4579 1028 4630 scholion
1038 4582 1072 4629 ast
1080 4579 1174 4636 editum,
1184 4577 1260 4632 deesse
1268 4580 1361 4630 dicitur,

1219 4675 1231 4714 a
