3454 5330
778 657 819 725 81

174 833 180 840 ¹
237 847 399 914 δύνασθαι
431 846 563 912 α’κούειν
590 849 782 929 ἐγενόμεθα.
807 847 909 912 Verba
933 850 988 911 cul
1011 856 1075 931 μην
1098 851 1210 915 usitata
1234 847 1360 916 suntin

237 961 292 1026 hac
314 960 477 1026 obiiciendi
500 961 637 1040 formula,
658 967 694 1024 ut
715 983 743 1024 v.
758 983 782 1024 ο.
805 963 932 1046 (3.124.
954 965 1023 1025 καὶ
1044 967 1122 1045 μὴν
1144 963 1360 1048 προτρέπεται

236 1082 253 1138 ο’
277 1073 369 1152 λόγος
391 1076 443 1137 ἐπὶ
466 1072 567 1138 πλέον
591 1080 770 1159 σωφρονεῖν
792 1078 852 1154 τὴν
874 1074 1087 1158 Πηνελόπην.
1109 1075 1183 1141 ἀλλ’
1197 1077 1255 1163 οὐχ
1269 1061 1361 1150 οὗτος

235 1190 362 1267 όνοός,
396 1186 469 1251 ἀλλ’
499 1194 568 1265 ela,
601 1195 641 1267 et,
673 1214 703 1270 η.
739 1190 813 1252 245.
847 1189 884 1253 ad
907 1186 1062 1254 δολόεσσα
1085 1189 1258 1277 Kalauria:
1288 1194 1360 1255 καὶ

236 1306 313 1382 μὴν
337 1299 395 1365 οὐκ
420 1294 460 1380 ἦν
487 1301 663 1384 φαρμακίς,
690 1299 763 1363 ἀλλ’
787 1301 838 1363 ότι
864 1300 964 1366 αὐτόν
989 1297 1067 1382 ἦγεν
1089 1303 1284 1379 ἐξαπατῶσα
1306 1306 1359 1367 καὶ

238 1414 351 1499 οἷφῄρει
373 1418 430 1479 τόν
453 1419 582 1493 νόστον,
597 1423 628 1480 et
640 1438 725 1501 saepe
737 1415 819 1480 alibi.
833 1416 932 1481 Simul
944 1439 997 1503 pro
1010 1416 1083 1481 οὐδὲ
1098 1423 1268 1501 πρότερον,
1284 1419 1363 1504 apud

239 1527 413 1594 Crumerum
432 1529 469 1592 οὐ
483 1527 517 1591 δὲ
531 1529 654 1615 scripto,
669 1529 790 1594 restitui
804 1527 913 1607 οὐδὲν,
933 1531 1013 1615 quod
1025 1531 1201 1616 probatione
1212 1555 1274 1596 non
1286 1539 1363 1616 eget.

281 1619 355 1708 Non
386 1649 448 1706 tarn
472 1649 553 1707 certa
576 1642 768 1707 restitutione
792 1642 929 1729 supplere
952 1659 1074 1729 possum
1097 1653 1207 1710 certam
1225 1647 1363 1710 lacunam

240 1757 276 1820 ad
298 1758 432 1823 eiusdem
453 1757 525 1822 libri
546 1783 580 1839 μ.
602 1781 647 1822 vs
670 1761 745 1822 290.
765 1757 944 1822 Adscribam
964 1765 1065 1822 tamen
1082 1759 1157 1842 quid
1176 1759 1316 1844 suspicer,
1338 1758 1363 1820 si

239 1870 364 1934 fortasse
385 1871 512 1934 acutiori
540 1871 592 1935 alii
619 1871 768 1936 indicium
795 1871 946 1956 porrigere
973 1872 1085 1958 possim
1104 1873 1167 1937 veri
1186 1871 1362 1958 reperiendi.
1432 1937 1441 1957 ,

240 1982 362 2068 Ulysses
381 1983 426 2048 ibi
445 1991 556 2061 narrat,
577 1984 727 2068 quomodo
747 1984 871 2048 deorum
894 1984 1020 2049 consilio
1044 1984 1158 2050 sodales
1182 2007 1214 2048 se
1231 1985 1364 2048 invitum

240 2097 392 2183 coegerint
412 2098 558 2183 appellere
578 2097 616 2161 ad
635 2119 709 2188 eam·
719 2097 860 2175 insulam,
881 2097 935 2162 ubi
954 2097 1034 2162 Solis
1052 2097 1142 2163 boves
1154 2097 1363 2183 pascebantur,

241 2211 350 2296 quibus
381 2234 451 2275 mox
482 2210 668 2296 consumptis
700 2233 802 2275 omnes
830 2211 892 2274 fere
915 2210 1083 2275 miserrimo
1106 2211 1263 2296 naufragio
1286 2210 1365 2297 peri-

241 2330 339 2388 erunt.
359 2325 432 2410 Ipse
452 2324 608 2389 hortatur:
632 2329 729 2403 νῆσον
748 2321 932 2388 ἀλεύασθαι
946 2325 1187 2409 τερψιμβρότου
1200 2321 1361 2399 Ἠελίοιο,

243 2437 294 2501 sed
317 2443 348 2502 et
370 2438 422 2502 alii
444 2445 475 2503 et
498 2438 634 2503 omnium
653 2437 782 2502 maxime
800 2437 998 2521 Eurylochus,
1019 2437 1083 2501 eius
1103 2437 1226 2501 monitis
1247 2437 1364 2522 spretis,

244 2551 292 2614 sic'
310 2573 378 2615 eum
402 2551 581 2637 obiurgant:
1309 2527 1312 2534 i

510 2672 557 2748 πῇ
579 2663 636 2728 κέν
661 2688 711 2738 τις
734 2665 912 2746 ὑπεκφύγοι
937 2663 1038 2727 αι’πόν
1062 2660 1215 2745 ὄλεθρον,

376 2781 416 2857 ἤν
440 2803 507 2854 πως
532 2775 689 2862 ἐξαπίνης
715 2776 798 2863 ἔλθη
824 2776 957 2860 ἀνέμοιο
982 2773 1121 2854 θύελλα,

375 2895 396 2972 η’
419 2895 535 2956 Νότον
557 2897 578 2974 ἤ
599 2896 759 2977 Ζεφύροιο
784 2889 932 2969 δυσαέος,
958 2891 1024 2954 οἵτε
1048 2887 1190 2971 μάλιστα

378 3011 441 3086 νῆα
466 3003 671 3091 διαρραίουσι
696 3010 808 3070 θεῶν
832 3005 983 3088 οἷέκητι
1008 3003 1216 3068 α’νόικτιον.

244 3118 294 3181 Ad
316 3117 424 3183 ultima
445 3120 511 3184 sinc
534 3119 627 3184 dubio
650 3120 750 3198 verba,
774 3141 843 3184 nam
862 3120 971 3183 lemma
990 3118 1083 3195 deest,
1104 3116 1183 3203 apud
1195 3115 1368 3201 Crumerum

245 3237 275 3294 et
303 3231 496 3296 Dindorfium
527 3254 573 3296 ex·
594 3231 626 3296 H
659 3255 786 3317 sequens
817 3233 953 3297 scholion
983 3231 1099 3296 editur:
1136 3227 1270 3294 θέλουσι
1307 3231 1367 3312 γὰρ
1441 3308 1442 3312 ¹

245 3350 327 3426 η’μᾶς
351 3347 382 3408 οἱ
404 3347 476 3410 θεολ
501 3344 721 3430 όρμισθέντας
745 3384 789 3394 -
813 3348 885 3411 θεοὶ
910 3345 1041 3431 δοτῆρες
1063 3347 1156 3410 ε’όιων.
1177 3344 1260 3408 Haec
1280 3365 1370 3407 sensu

247 3481 327 3524 cassa
358 3466 389 3523 et
418 3459 483 3524 sine
514 3459 608 3523 dnbio
639 3460 747 3523 mutila
770 3464 850 3524 sunt.
874 3459 917 3522 Et
939 3461 982 3523 sic
1004 3459 1152 3523 iudicavit
1174 3458 1210 3521 de
1232 3457 1270 3520 iis
1292 3457 1371 3520 Din-

248 3572 368 3652 dorfins,
396 3573 444 3638 bis
474 3595 610 3650 monens,
642 3574 773 3659 primurn
802 3573 836 3637 in
865 3572 943 3658 App.
976 3594 1005 3657 p.
1032 3573 1111 3635 788:
1138 3571 1214 3651 „hoo
1237 3568 1371 3632 scholion

240 3703 309 3751 'non
338 3686 509 3772 intelligo,''
541 3686 651 3750 deinde
683 3686 825 3751 disertius
855 3685 889 3748 in
918 3684 1015 3749 Praef.
1041 3707 1069 3769 p.
1095 3705 1170 3747 uxr:
1196 3689 1286 3765 „ante
1311 3680 1369 3743 θέ-

250 3798 340 3863 λουσι
372 3800 406 3864 in
439 3799 472 3863 H
498 3799 608 3864 lemma
639 3807 685 3864 est
716 3802 804 3863 θεῶν
829 3797 955 3880 οἷὲκητι.
991 3797 1078 3861 Inter
1099 3794 1317 3879 όρμισθόντας
1341 3803 1372 3858 et

249 3916 322 3978 θεοὶ
353 3913 431 3979 nihil
462 3914 551 4000 spatii
582 3914 722 3978 relictum
748 3913 781 3977 in
816 3912 858 3989 H,
882 3913 939 3976 etsi
963 3911 1053 3976 verba
1074 3910 1233 3974 manifesto
1256 3911 1372 3974 defecta

250 4026 352 4092 snnt.''
387 4026 498 4092 Verbis
534 4026 747 4113 superstitibus
783 4048 869 4113 saepe
900 4032 931 4089 et
961 4031 1075 4090 attente
1103 4024 1220 4088 rimatis
1250 4029 1369 4086 etcum

251 4141 377 4206 Homeri
399 4140 536 4206 versibus
558 4141 683 4218 collatis
708 4139 812 4205 videor
833 4139 908 4203 mihi
931 4139 1033 4204 ridere
1054 4138 1087 4201 in
1110 4138 1148 4201 iis
1171 4137 1305 4221 reliquiis
1324 4137 1372 4200 in-

252 4276 314 4320 esse
344 4255 405 4319 duo
436 4255 474 4320 ad
505 4255 608 4319 eadem
633 4253 725 4319 verba
748 4253 909 4318 Homerica
933 4257 1020 4316 θεῶν
1048 4250 1118 4313 οἰὲκ.
1145 4251 1266 4327 scholia,
1291 4251 1373 4335 prius
1467 4305 1471 4311 .

253 4389 382 4448 sensum,
415 4368 562 4455 posterius
589 4369 747 4433 verborum
770 4369 896 4432 formam
920 4368 1078 4453 explicans.
1103 4365 1224 4430 Versari
1247 4363 1374 4428 debebat

253 4485 337 4569 prins
370 4485 403 4548 in
437 4483 623 4571 exponendo,
660 4483 734 4568 quid
769 4483 827 4548 sibi
861 4483 989 4548 voluerit
1019 4488 1105 4568 poeta
1136 4480 1237 4543 dicens
1267 4485 1372 4541 ventos

253 4620 338 4684 saepe
368 4599 504 4684 frangere
535 4619 625 4660 naves
656 4597 760 4661 inuitis
792 4598 860 4661 diis.
888 4597 1042 4661 Posterius
1067 4595 1174 4680 agebat
1196 4593 1233 4656 de
1256 4592 1372 4656 dnobus

1231 4719 1243 4754 6
