3454 5330
912 673 953 734 66

373 857 736 945 προσαναπληροῒ
767 859 815 920 τά
846 853 1105 939 λελειμμένα
1135 861 1183 939 τῇ
1205 851 1378 936 Ἰλιακῇ
1400 851 1496 916 ὑπο-

303 1057 305 1062 .
372 973 506 1052 θέσει,
536 979 567 1038 et
589 996 618 1059 p.
645 976 718 1037 141.
742 970 762 1035 l.
786 974 826 1034 29
853 967 904 1059 (ad
924 994 956 1048 γ.
984 967 1063 1057 248)
1088 964 1496 1050 καλῶςάναπλήρω-

373 1110 435 1162 σις
468 1093 524 1168 τῆς
555 1084 700 1158 Ἰλιάδος
732 1082 947 1164 ίγὌδείσσεια
976 1081 1116 1179 λέγεται.
1148 1084 1170 1145 ά
1202 1084 1262 1166 γάρ
1297 1079 1495 1164 κατέλειψεν

372 1202 450 1279 ἐκεῖ,
484 1202 633 1265 ἐνταῦθα
665 1197 763 1276 λέγει.
798 1197 846 1262 Ex
876 1197 925 1261 his
954 1196 1038 1274 locis,
1069 1196 1200 1262 maxime
1230 1219 1267 1261 ex
1300 1195 1406 1282 primo,
1439 1193 1495 1278 qni

370 1315 478 1379 itidem
500 1320 546 1378 est
568 1313 601 1377 in
624 1312 702 1389 HM,
727 1318 829 1376 noster
847 1311 931 1375 locus
950 1310 994 1375 ita
1013 1309 1197 1397 supplendus
1217 1310 1355 1376 videtur:
1375 1310 1437 1394 ὅρα
1457 1306 1494 1370 δέ

371 1425 472 1492 πάλιν
493 1427 668 1509 ἐπικαίρως
689 1422 1022 1510 (οἷναπεπληρωμένα)
1042 1426 1083 1487 τά
1096 1423 1255 1489 λείποντα
1266 1430 1307 1509 τῇ
1322 1421 1493 1488 ὑποθέσει.

416 1538 446 1602 δ.
483 1543 546 1605 363
578 1561 660 1624 seqq.
693 1544 794 1605 narrat
826 1537 993 1615 Menelaus,
1025 1538 1186 1622 quomodo,
1217 1559 1312 1623 quum
1339 1537 1373 1602 in
1394 1537 1496 1601 Pharo

370 1653 469 1719 insula
498 1652 630 1719 adversis
662 1652 760 1720 ventis
783 1657 919 1718 retentus
950 1655 1037 1730 esset,
1061 1651 1189 1718 Idothea
1212 1651 1271 1716 sibi
1298 1651 1425 1716 salntem
1448 1656 1498 1715 at-

370 1767 491 1832 tulerit:

372 1883 428 1944 καί
452 1884 495 1946 va!
516 1904 572 1945 κεν
598 1878 726 1968 (inquit)
748 1883 805 1959 ἤϊα
827 1885 938 1944 πάντα
962 1877 1144 1961 κατέφθιτο
1168 1881 1223 1943 καὶ
1242 1881 1330 1962 μένε’
1347 1876 1495 1964 ἀνδρῶν,

371 1995 400 2055 εἰ
422 1999 516 2075 μήτις
537 2019 578 2076 με
600 1995 690 2057 θεῶν
714 1990 896 2077 ὀλοφείρατο
923 1994 978 2056 καί
1001 1999 1034 2075 μ’
1060 1995 1209 2080 ἐσάωσεν,

371 2104 526 2190 Πρωτέος
550 2105 688 2187 ἰφθίμου
713 2110 874 2190 θυγάτηρ,
898 2105 1005 2170 ἁλίοιο
1029 2104 1195 2192 γέροντος,
1211 2104 1391 2198 ΙΙΕἶδοθέη
1414 2113 1471 2172 etc.

372 2219 558 2286 Observatur
603 2219 641 2283 ad
665 2218 817 2300 ι’φθίμον.·
841 2216 943 2300 ἡδέως
967 2224 1012 2303 τῷ
1039 2219 1197 2304 ἐπιθέτῳ·
1222 2223 1265 2296 ὡς
1288 2223 1350 2306 γάρ
1372 2219 1498 2304 εὐεργέ-

371 2358 432 2416 την
453 2331 656 2415 ἐγκωμιάζει.
681 2332 823 2398 Addebat
839 2332 873 2396 in
888 2331 936 2396 his
956 2331 1162 2399 Buttmannns
1185 2340 1314 2420 χρῆται,
1329 2335 1429 2418 „frllst
1465 2332 1495 2397 .”

369 2447 469 2512 iudice
491 2447 660 2523 Dindorfio‚
683 2445 738 2531 qui
761 2447 895 2510 conferre
914 2445 1000 2510 iubet
1023 2469 1100 2532 quae
1122 2447 1279 2514 annotavit
1303 2448 1342 2512 ad
1365 2446 1395 2510 δ.
1413 2449 1494 2512 73οε

373 2562 453 2647 (pag.
487 2564 561 2639 232,
593 2567 666 2625 nota
692 2559 730 2623 ad
756 2559 777 2623 1.
804 2561 849 2645 6.)
885 2562 1012 2644 ,,άκρως
1047 2567 1089 2644 τῇ
1123 2559 1283 2625 διαθέσει.
1320 2560 1372 2626 Sic
1402 2560 1496 2626 schol.

371 2699 398 2737 ε.
424 2679 499 2739 489.
533 2678 639 2760 άκρως
674 2681 715 2758 τῇ
748 2671 974 2759 ἐπεξεργασίᾳ.
1007 2681 1039 2739 et
1073 2674 1213 2739 similiter
1244 2673 1420 2757 δαιμονίως
1449 2679 1495 2757 τῷ

372 2786 542 2873 ἐπεισοδίῳ
567 2789 605 2853 ad
629 2813 654 2851 ε.
682 2791 755 2852 336.
788 2785 895 2860 καλῶς
929 2794 969 2872 τῇ
994 2785 1084 2861 τάξει
1118 2789 1155 2853 ad
1178 2787 1206 2862 ζ.
1234 2791 1308 2852 149.
1333 2795 1373 2872 τῇ
1394 2787 1495 2871 ὑπερ-

370 2900 455 2986 βολῇ
482 2901 659 2984 δαιμονίως
689 2908 725 2962 θ.
753 2903 826 2965 173.
851 2901 944 2966 Plene
967 2900 1005 2965 ad
1029 2908 1065 2963 θ.
1088 2904 1163 2965 485.
1186 2899 1362 2983 δαιμονίως
1384 2907 1424 2983 τῇ
1435 2905 1496 2962 τά·

370 3013 418 3086 ξει
451 3014 639 3099 ἐχρήσατο.”
673 3013 839 3078 Verissima
865 3020 937 3079 sunt
966 3013 1048 3078 haec.
1077 3016 1222 3080 Attamen
1252 3012 1318 3079 leve
1348 3021 1393 3077 est
1415 3013 1495 3076 inter

370 3125 425 3189 hoa
447 3125 528 3190 locos
551 3133 582 3190 et
604 3133 742 3190 nostrum
763 3126 934 3204 discrimen,
956 3148 1017 3190 non
1028 3133 1129 3190 tamen
1140 3126 1364 3212 negligendum.
1376 3127 1496 3212 Nempe

312 3265 313 3268 ¹
370 3237 405 3301 in
428 3238 577 3316 omnibus,
603 3260 678 3322 quos
702 3238 776 3302 citat
798 3238 987 3316 Dindorfius,
1012 3239 1049 3302 de
1072 3238 1199 3303 Homeri
1221 3240 1316 3327 ipsius
1339 3263 1397 3304 usu
1416 3240 1497 3326 apud

369 3351 551 3416 scholiastes
584 3373 680 3416 sermo
704 3357 759 3427 est,
784 3351 835 3416 hic
858 3352 895 3416 de
926 3352 1074 3431 Menelao,
1099 3375 1196 3439 neque
1219 3360 1265 3418 est
1288 3353 1494 3418 admirationis

371 3465 557 3545 exclamatio,
577 3473 614 3530 nt
632 3465 665 3530 in
681 3464 746 3531 his:
771 3463 878 3551 οἰκρῶς
897 3466 946 3531 vel
962 3465 1138 3550 δαιμονίως
1159 3474 1199 3550 τῇ
1212 3465 1360 3532 διαθέσει
1375 3466 1495 3555 (nempe

372 3588 487 3667 χρῆται
511 3585 529 3646 o‘
551 3579 716 3673 ποιητής),
742 3580 795 3646 sed
818 3581 978 3669 explicatio
1002 3604 1056 3646 cur
1077 3581 1234 3647 Menelaus
1253 3605 1315 3647 non
1332 3582 1396 3646 sine
1415 3583 1496 3646 iusta

371 3719 459 3762 causa
489 3697 689 3763 honorificum
711 3696 866 3785 epitheton
890 3697 982 3762 addat
1003 3697 1105 3762 Protei
1128 3696 1255 3774 nomini,
1279 3718 1386 3782 nempe
1408 3695 1495 3760 cuius

370 3811 449 3876 filiae
471 3835 527 3899 ope
550 3813 614 3898 ipse
638 3819 773 3879 servatus
798 3812 847 3876 sit.
874 3811 943 3875 Hoc
963 3817 1066 3876 nostro
1084 3810 1180 3895 igitur
1198 3811 1264 3875 loco
1284 3817 1399 3896 χρῆται
1419 3809 1495 3874 mihi

371 3927 494 4012 quidem
521 3927 641 3993 videtur
669 3927 849 4006 addendum,
881 3933 912 3991 et
935 3925 1047 3990 adduxi
1075 3949 1177 3992 causas
1199 3947 1253 3991 cur
1275 3925 1427 3990 Dindorfii
1449 3947 1496 3990 ra-

371 4043 508 4109 tionibus
532 4044 672 4109 accedere
695 4066 757 4108 non
780 4041 939 4127 potuerim.
960 4039 1020 4103 Sed
1041 4039 1215 4105 dubitanter
1233 4044 1354 4105 tantum
1374 4038 1407 4103 id
1425 4062 1495 4125 pro·

371 4181 466 4245 pono;
499 4158 587 4222 facile
618 4157 698 4222 enim
729 4155 793 4220 fieri
817 4160 925 4241 potest,
957 4159 992 4216 ut
1018 4176 1067 4218 me
1092 4154 1195 4241 opinio
1218 4153 1367 4232 fefellerit,
1391 4159 1496 4218 contra

370 4273 453 4352 haec,
476 4273 510 4336 in
532 4293 608 4357 quae
629 4270 806 4334 Dindorfins
831 4255 933 4332 dedita
956 4289 1044 4354 opera
1064 4267 1234 4354 inquisivit,
1256 4268 1471 4356 disputantem.

414 4387 514 4452 Locus
546 4385 614 4464 iste,
646 4385 683 4448 de
715 4408 775 4470 quo
806 4381 895 4446 modo
926 4381 1087 4469 disputavi,
1118 4405 1180 4448 non
1210 4388 1256 4447 est
1286 4382 1405 4461 unicae,
1438 4381 1492 4447 ubi

370 4500 555 4580 observatur,
579 4499 713 4587 epitheta
734 4519 806 4576 non,
830 4502 866 4560 nt
888 4496 1069 4582 saepissime,
1089 4520 1169 4564 mera
1189 4497 1326 4563 ornantia
1346 4518 1420 4582 ease,
1441 4496 1494 4560 sed

371 4615 434 4679 vim
458 4637 542 4682 snam
565 4637 682 4682 servare
705 4620 737 4678 et
759 4611 896 4681 consulto
921 4636 984 4682 csse
1007 4615 1118 4682 addita.
1142 4614 1229 4681 Idem
1253 4615 1289 4678 fit
1311 4613 1349 4680 ad
1369 4611 1397 4678 δ.
1422 4614 1496 4677 718.
