<?xml version="1.0" encoding="UTF-8"?>
<!DOCTYPE html PUBLIC "-//W3C//DTD XHTML 1.0 Transitional//EN"
    "http://www.w3.org/TR/xhtml1/DTD/xhtml1-transitional.dtd">
<html xmlns="http://www.w3.org/1999/xhtml" xml:lang="en" lang="en">
 <head>
  <title>
</title>
<meta http-equiv="Content-Type" content="text/html;charset=utf-8" />
  <meta name='ocr-system' content='tesseract 3.04.00' />
  <meta name='ocr-capabilities' content='ocr_page ocr_carea ocr_par ocr_line ocrx_word'/>
</head>
<body>
  <div class='ocr_page' id='page_1' title='image "./observationesad01polagoog_0074.png"; bbox 0 0 3454 5330; ppageno 0'>
   <div class='ocr_carea' id='block_1_1' title="bbox 788 656 828 718">
    <p class='ocr_par' dir='ltr' id='par_1_1' title="bbox 788 656 828 718">
     <span class='ocr_line' id='line_1_1' title="bbox 788 656 828 718; baseline 0.025 -1"><span class='ocrx_word' id='word_1_1' title='bbox 788 656 828 718; x_wconf 87' lang='grc'>57</span> 
     </span>
    </p>
   </div>
   <div class='ocr_carea' id='block_1_2' title="bbox 246 832 1378 2746">
    <p class='ocr_par' dir='ltr' id='par_1_2' title="bbox 246 832 1378 2176">
     <span class='ocr_line' id='line_1_2' title="bbox 291 832 1369 922; baseline 0.001 -14"><span class='ocrx_word' id='word_1_2' title='bbox 291 842 341 908; x_wconf 84' lang='lat' dir='ltr'>Ad</span> <span class='ocrx_word' id='word_1_3' title='bbox 363 847 399 905; x_wconf 77' lang='grc' dir='ltr'>δ.</span> <span class='ocrx_word' id='word_1_4' title='bbox 415 843 490 906; x_wconf 86' lang='grc'><strong>583.</strong></span> <span class='ocrx_word' id='word_1_5' title='bbox 514 843 591 922; x_wconf 77' lang='grc' dir='ltr'><strong><em>μεθ’</em></strong></span> <span class='ocrx_word' id='word_1_6' title='bbox 616 832 697 922; x_wconf 83' lang='grc' dir='ltr'><strong><em>αἷμά</em></strong></span> <span class='ocrx_word' id='word_1_7' title='bbox 719 864 753 905; x_wconf 88' lang='grc' dir='ltr'>τε</span> <span class='ocrx_word' id='word_1_8' title='bbox 776 839 831 904; x_wconf 80' lang='grc' dir='ltr'>καί</span> <span class='ocrx_word' id='word_1_9' title='bbox 852 837 947 919; x_wconf 88' lang='grc' dir='ltr'><strong><em>γένος</em></strong></span> <span class='ocrx_word' id='word_1_10' title='bbox 968 839 1078 906; x_wconf 77' lang='grc' dir='ltr'><strong><em>αὐτῶν</em></strong></span> <span class='ocrx_word' id='word_1_11' title='bbox 1099 840 1274 910; x_wconf 71' lang='lat' dir='ltr'>observem</span> <span class='ocrx_word' id='word_1_12' title='bbox 1284 840 1318 910; x_wconf 90' lang='lat' dir='ltr'>in</span> <span class='ocrx_word' id='word_1_13' title='bbox 1329 845 1369 916; x_wconf 76' lang='lat' dir='ltr'>Q.</span> 
     </span>
     <span class='ocr_line' id='line_1_3' title="bbox 249 950 1369 1042; baseline 0.002 -22"><span class='ocrx_word' id='word_1_14' title='bbox 249 950 329 1039; x_wconf 83' lang='grc' dir='ltr'><strong><em>αἷμα</em></strong></span> <span class='ocrx_word' id='word_1_15' title='bbox 357 957 418 1038; x_wconf 82' lang='grc' dir='ltr'><strong><em>μέν</em></strong></span> <span class='ocrx_word' id='word_1_16' title='bbox 451 953 559 1032; x_wconf 91' lang='grc' dir='ltr'><strong><em>λέγειν</em></strong></span> <span class='ocrx_word' id='word_1_17' title='bbox 593 953 771 1020; x_wconf 73' lang='grc' dir='ltr'><em>ἀκουστέον</em></span> <span class='ocrx_word' id='word_1_18' title='bbox 802 957 844 1019; x_wconf 85' lang='grc' dir='ltr'>τὰ</span> <span class='ocrx_word' id='word_1_19' title='bbox 875 953 988 1021; x_wconf 81' lang='grc' dir='ltr'><strong><em>τέκνα.</em></strong></span> <span class='ocrx_word' id='word_1_20' title='bbox 1012 994 1113 1008; x_wconf 92' lang='grc'>--</span> <span class='ocrx_word' id='word_1_21' title='bbox 1135 959 1172 1021; x_wconf 89' lang='grc' dir='ltr'>τδ</span> <span class='ocrx_word' id='word_1_22' title='bbox 1206 955 1241 1022; x_wconf 76' lang='grc' dir='ltr'>δέ</span> <span class='ocrx_word' id='word_1_23' title='bbox 1263 961 1369 1042; x_wconf 66' lang='grc' dir='ltr'><strong><em>,κατὰ</em></strong></span> 
     </span>
     <span class='ocr_line' id='line_1_4' title="bbox 249 1068 1370 1160; baseline 0.004 -26"><span class='ocrx_word' id='word_1_24' title='bbox 249 1070 300 1160; x_wconf 84' lang='lat' dir='ltr'>(ex</span> <span class='ocrx_word' id='word_1_25' title='bbox 328 1068 455 1134; x_wconf 84' lang='lat' dir='ltr'>Homeri</span> <span class='ocrx_word' id='word_1_26' title='bbox 485 1090 574 1134; x_wconf 88' lang='lat' dir='ltr'>versu</span> <span class='ocrx_word' id='word_1_27' title='bbox 604 1069 830 1134; x_wconf 87' lang='lat' dir='ltr'>rescribendum</span> <span class='ocrx_word' id='word_1_28' title='bbox 861 1071 930 1147; x_wconf 82' lang='grc' dir='ltr'><strong><em>καί,</em></strong></span> <span class='ocrx_word' id='word_1_29' title='bbox 966 1093 1043 1155; x_wconf 82' lang='lat' dir='ltr'>quse</span> <span class='ocrx_word' id='word_1_30' title='bbox 1067 1077 1211 1158; x_wconf 75' lang='lat' dir='ltr'>perpetue</span> <span class='ocrx_word' id='word_1_31' title='bbox 1233 1073 1370 1139; x_wconf 86' lang='lat' dir='ltr'>confusio</span> 
     </span>
     <span class='ocr_line' id='line_1_5' title="bbox 246 1179 1370 1272; baseline 0.002 -24"><span class='ocrx_word' id='word_1_32' title='bbox 246 1181 317 1272; x_wconf 79' lang='lat' dir='ltr'>est.)</span> <span class='ocrx_word' id='word_1_33' title='bbox 347 1180 441 1260; x_wconf 83' lang='grc' dir='ltr'><strong><em>γένος</em></strong></span> <span class='ocrx_word' id='word_1_34' title='bbox 470 1180 613 1259; x_wconf 79' lang='grc' dir='ltr'><strong><em>αδτῶν,”</em></strong></span> <span class='ocrx_word' id='word_1_35' title='bbox 645 1185 717 1261; x_wconf 82' lang='grc' dir='ltr'><strong><em>ἤτοι</em></strong></span> <span class='ocrx_word' id='word_1_36' title='bbox 741 1187 809 1246; x_wconf 85' lang='grc' dir='ltr'><strong><em>τῶν</em></strong></span> <span class='ocrx_word' id='word_1_37' title='bbox 843 1180 982 1262; x_wconf 84' lang='grc' dir='ltr'><strong><em>τέκνων,</em></strong></span> <span class='ocrx_word' id='word_1_38' title='bbox 1009 1182 1109 1263; x_wconf 95' lang='grc' dir='ltr'><strong><em>λέγει,</em></strong></span> <span class='ocrx_word' id='word_1_39' title='bbox 1135 1185 1181 1250; x_wconf 70' lang='grc' dir='ltr'><strong><em>ἵν’</em></strong></span> <span class='ocrx_word' id='word_1_40' title='bbox 1206 1179 1226 1266; x_wconf 76' lang='grc' dir='ltr'><strong><em>ἦ</em></strong></span> <span class='ocrx_word' id='word_1_41' title='bbox 1248 1187 1289 1249; x_wconf 85' lang='grc' dir='ltr'>τὰ</span> <span class='ocrx_word' id='word_1_42' title='bbox 1314 1185 1370 1250; x_wconf 82' lang='grc' dir='ltr'>έκ-</span> 
     </span>
     <span class='ocr_line' id='line_1_6' title="bbox 247 1291 1378 1386; baseline 0.002 -26"><span class='ocrx_word' id='word_1_43' title='bbox 247 1320 341 1373; x_wconf 90' lang='grc' dir='ltr'><strong><em>γονα,</em></strong></span> <span class='ocrx_word' id='word_1_44' title='bbox 371 1296 431 1380; x_wconf 67' lang='grc' dir='ltr'><strong><em>[ἵν’</em></strong></span> <span class='ocrx_word' id='word_1_45' title='bbox 457 1291 476 1380; x_wconf 82' lang='grc' dir='ltr'><strong><em>ᾖ</em></strong></span> <span class='ocrx_word' id='word_1_46' title='bbox 499 1297 536 1358; x_wconf 86' lang='grc' dir='ltr'>τὸ</span> <span class='ocrx_word' id='word_1_47' title='bbox 560 1293 661 1358; x_wconf 80' lang='grc' dir='ltr'><strong><em>αὐτοῦ</em></strong></span> <span class='ocrx_word' id='word_1_48' title='bbox 685 1292 796 1381; x_wconf 84' lang='grc' dir='ltr'><strong><em>γένος]</em></strong></span> <span class='ocrx_word' id='word_1_49' title='bbox 823 1295 884 1361; x_wconf 80' lang='grc' dir='ltr'><strong><em>ίνα</em></strong></span> <span class='ocrx_word' id='word_1_50' title='bbox 907 1297 982 1371; x_wconf 79' lang='grc' dir='ltr'>τούς</span> <span class='ocrx_word' id='word_1_51' title='bbox 1007 1295 1168 1380; x_wconf 74' lang='grc' dir='ltr'><strong><em>ἀδελφούς</em></strong></span> <span class='ocrx_word' id='word_1_52' title='bbox 1190 1298 1300 1364; x_wconf 77' lang='grc' dir='ltr'><strong><em>αὐτῶν</em></strong></span> <span class='ocrx_word' id='word_1_53' title='bbox 1314 1302 1378 1386; x_wconf 38' lang='grc' dir='ltr'>καί,</span> 
     </span>
     <span class='ocr_line' id='line_1_7' title="bbox 248 1405 1371 1498; baseline 0.005 -26"><span class='ocrx_word' id='word_1_54' title='bbox 248 1410 321 1482; x_wconf 83' lang='grc' dir='ltr'><strong><em>τοδς</em></strong></span> <span class='ocrx_word' id='word_1_55' title='bbox 351 1409 386 1472; x_wconf 75' lang='grc' dir='ltr'>ἐκ</span> <span class='ocrx_word' id='word_1_56' title='bbox 414 1405 568 1486; x_wconf 85' lang='grc' dir='ltr'><strong><em>γενέσεως</em></strong></span> <span class='ocrx_word' id='word_1_57' title='bbox 592 1407 748 1494; x_wconf 78' lang='grc' dir='ltr'>ὀνομάζῃ.</span> <span class='ocrx_word' id='word_1_58' title='bbox 774 1408 949 1476; x_wconf 78' lang='lat' dir='ltr'>Gemissime</span> <span class='ocrx_word' id='word_1_59' title='bbox 976 1408 1010 1475; x_wconf 89' lang='lat' dir='ltr'>in</span> <span class='ocrx_word' id='word_1_60' title='bbox 1032 1410 1080 1475; x_wconf 85' lang='lat' dir='ltr'>his</span> <span class='ocrx_word' id='word_1_61' title='bbox 1104 1411 1266 1478; x_wconf 84' lang='lat' dir='ltr'>delendum</span> <span class='ocrx_word' id='word_1_62' title='bbox 1289 1413 1371 1498; x_wconf 87' lang='lat' dir='ltr'>quod</span> 
     </span>
     <span class='ocr_line' id='line_1_8' title="bbox 247 1521 1370 1612; baseline 0.004 -26"><span class='ocrx_word' id='word_1_63' title='bbox 247 1521 363 1586; x_wconf 87' lang='lat' dir='ltr'>uncinis</span> <span class='ocrx_word' id='word_1_64' title='bbox 385 1521 513 1600; x_wconf 88' lang='lat' dir='ltr'>inclusi;</span> <span class='ocrx_word' id='word_1_65' title='bbox 537 1521 678 1607; x_wconf 83' lang='lat' dir='ltr'>primum,</span> <span class='ocrx_word' id='word_1_66' title='bbox 704 1521 846 1606; x_wconf 79' lang='lat' dir='ltr'>quonism</span> <span class='ocrx_word' id='word_1_67' title='bbox 866 1521 969 1608; x_wconf 85' lang='lat' dir='ltr'>inepte</span> <span class='ocrx_word' id='word_1_68' title='bbox 995 1523 1077 1589; x_wconf 88' lang='lat' dir='ltr'>idem</span> <span class='ocrx_word' id='word_1_69' title='bbox 1104 1523 1181 1589; x_wconf 85' lang='lat' dir='ltr'>dicit</span> <span class='ocrx_word' id='word_1_70' title='bbox 1200 1548 1234 1590; x_wconf 82' lang='lat' dir='ltr'>sc</span> <span class='ocrx_word' id='word_1_71' title='bbox 1252 1547 1370 1612; x_wconf 84' lang='lat' dir='ltr'>praece-</span> 
     </span>
     <span class='ocr_line' id='line_1_9' title="bbox 247 1632 1370 1722; baseline 0 -20"><span class='ocrx_word' id='word_1_72' title='bbox 247 1635 318 1702; x_wconf 81' lang='lat' dir='ltr'>dens</span> <span class='ocrx_word' id='word_1_73' title='bbox 348 1637 389 1698; x_wconf 85' lang='grc' dir='ltr'>τὰ</span> <span class='ocrx_word' id='word_1_74' title='bbox 413 1633 550 1712; x_wconf 82' lang='grc' dir='ltr'><strong><em>έκγονα,·</em></strong></span> <span class='ocrx_word' id='word_1_75' title='bbox 573 1634 683 1699; x_wconf 87' lang='lat' dir='ltr'>deinde</span> <span class='ocrx_word' id='word_1_76' title='bbox 705 1641 736 1700; x_wconf 85' lang='lat' dir='ltr'>et</span> <span class='ocrx_word' id='word_1_77' title='bbox 759 1634 830 1719; x_wconf 79' lang='lat' dir='ltr'>quie</span> <span class='ocrx_word' id='word_1_78' title='bbox 860 1657 923 1701; x_wconf 90' lang='lat' dir='ltr'>non</span> <span class='ocrx_word' id='word_1_79' title='bbox 944 1636 991 1700; x_wconf 66' lang='grc' dir='ltr'>δυ’</span> <span class='ocrx_word' id='word_1_80' title='bbox 1016 1632 1036 1722; x_wconf 82' lang='grc' dir='ltr'><strong><em>ᾖ</em></strong></span> <span class='ocrx_word' id='word_1_81' title='bbox 1059 1638 1096 1700; x_wconf 90' lang='grc' dir='ltr'>τδ</span> <span class='ocrx_word' id='word_1_82' title='bbox 1120 1635 1252 1701; x_wconf 78' lang='grc' dir='ltr'><strong><em>αὐτοῦ</em></strong></span> <span class='ocrx_word' id='word_1_83' title='bbox 1275 1635 1370 1714; x_wconf 81' lang='grc' dir='ltr'><strong><em>γένος</em></strong></span> 
     </span>
     <span class='ocr_line' id='line_1_10' title="bbox 247 1749 1372 1838; baseline 0 -23"><span class='ocrx_word' id='word_1_84' title='bbox 247 1752 297 1815; x_wconf 88' lang='lat' dir='ltr'>scd</span> <span class='ocrx_word' id='word_1_85' title='bbox 319 1749 363 1814; x_wconf 65' lang='grc' dir='ltr'>’τὸ</span> <span class='ocrx_word' id='word_1_86' title='bbox 395 1753 535 1818; x_wconf 82' lang='grc' dir='ltr'><strong><em>αὐτῶν</em></strong></span> <span class='ocrx_word' id='word_1_87' title='bbox 572 1749 734 1816; x_wconf 88' lang='lat' dir='ltr'>dicendum</span> <span class='ocrx_word' id='word_1_88' title='bbox 764 1756 838 1826; x_wconf 77' lang='lat' dir='ltr'>erat,</span> <span class='ocrx_word' id='word_1_89' title='bbox 874 1771 981 1838; x_wconf 81' lang='lat' dir='ltr'><strong>nempe</strong></span> <span class='ocrx_word' id='word_1_90' title='bbox 1004 1751 1070 1814; x_wconf 83' lang='grc' dir='ltr'><strong><em>τῶν</em></strong></span> <span class='ocrx_word' id='word_1_91' title='bbox 1094 1751 1231 1828; x_wconf 81' lang='grc' dir='ltr'><strong><em>τέκνων,</em></strong></span> <span class='ocrx_word' id='word_1_92' title='bbox 1254 1756 1290 1815; x_wconf 80' lang='lat' dir='ltr'>ut</span> <span class='ocrx_word' id='word_1_93' title='bbox 1311 1750 1372 1816; x_wconf 92' lang='lat' dir='ltr'>loci</span> 
     </span>
     <span class='ocr_line' id='line_1_11' title="bbox 248 1861 1371 1948; baseline -0.003 -19"><span class='ocrx_word' id='word_1_94' title='bbox 248 1870 403 1929; x_wconf 79' lang='lat' dir='ltr'>contextus</span> <span class='ocrx_word' id='word_1_95' title='bbox 426 1863 523 1928; x_wconf 81' lang='lat' dir='ltr'>docet.</span> <span class='ocrx_word' id='word_1_96' title='bbox 547 1862 637 1928; x_wconf 84' lang='lat' dir='ltr'>Hanc</span> <span class='ocrx_word' id='word_1_97' title='bbox 660 1862 699 1927; x_wconf 94' lang='lat' dir='ltr'>ob</span> <span class='ocrx_word' id='word_1_98' title='bbox 722 1885 841 1929; x_wconf 80' lang='lat' dir='ltr'>causam</span> <span class='ocrx_word' id='word_1_99' title='bbox 871 1861 983 1928; x_wconf 88' lang='lat' dir='ltr'>dubius</span> <span class='ocrx_word' id='word_1_100' title='bbox 1005 1861 1122 1940; x_wconf 81' lang='lat' dir='ltr'>haereo,</span> <span class='ocrx_word' id='word_1_101' title='bbox 1146 1869 1251 1928; x_wconf 82' lang='lat' dir='ltr'>utrum</span> <span class='ocrx_word' id='word_1_102' title='bbox 1271 1862 1371 1948; x_wconf 81' lang='lat' dir='ltr'><strong>glossa</strong></span> 
     </span>
     <span class='ocr_line' id='line_1_12' title="bbox 247 1974 1371 2064; baseline 0 -22"><span class='ocrx_word' id='word_1_103' title='bbox 247 1976 286 2043; x_wconf 84' lang='lat' dir='ltr'>sit</span> <span class='ocrx_word' id='word_1_104' title='bbox 307 1977 345 2040; x_wconf 82' lang='lat' dir='ltr'>ad</span> <span class='ocrx_word' id='word_1_105' title='bbox 367 1974 488 2053; x_wconf 82' lang='grc' dir='ltr'><strong><em>ὲίιγονα</em></strong></span> <span class='ocrx_word' id='word_1_106' title='bbox 513 1998 552 2040; x_wconf 84' lang='lat' dir='ltr'>an</span> <span class='ocrx_word' id='word_1_107' title='bbox 575 1975 798 2064; x_wconf 80' lang='lat' dir='ltr'>dittographic;</span> <span class='ocrx_word' id='word_1_108' title='bbox 823 1975 985 2042; x_wconf 89' lang='lat' dir='ltr'>delendum</span> <span class='ocrx_word' id='word_1_109' title='bbox 1007 1998 1078 2042; x_wconf 88' lang='lat' dir='ltr'>vero</span> <span class='ocrx_word' id='word_1_110' title='bbox 1097 1998 1171 2054; x_wconf 88' lang='lat' dir='ltr'>esse,</span> <span class='ocrx_word' id='word_1_111' title='bbox 1197 1997 1287 2040; x_wconf 88' lang='lat' dir='ltr'>nemo</span> <span class='ocrx_word' id='word_1_112' title='bbox 1314 1975 1371 2042; x_wconf 88' lang='lat' dir='ltr'>du·</span> 
     </span>
     <span class='ocr_line' id='line_1_13' title="bbox 246 2089 538 2176; baseline -0.007 -22"><span class='ocrx_word' id='word_1_113' title='bbox 246 2089 362 2167; x_wconf 71' lang='lat' dir='ltr'>bisbis,</span> <span class='ocrx_word' id='word_1_114' title='bbox 385 2095 422 2154; x_wconf 80' lang='lat' dir='ltr'>ut</span> <span class='ocrx_word' id='word_1_115' title='bbox 443 2111 538 2176; x_wconf 87' lang='lat' dir='ltr'>spero.</span> 
     </span>
    </p>

    <p class='ocr_par' dir='ltr' id='par_1_3' title="bbox 246 2201 1369 2746">
     <span class='ocr_line' id='line_1_14' title="bbox 287 2201 1369 2289; baseline 0.002 -21"><span class='ocrx_word' id='word_1_116' title='bbox 287 2204 400 2288; x_wconf 73' lang='lat' dir='ltr'>Nomai</span> <span class='ocrx_word' id='word_1_117' title='bbox 421 2203 545 2288; x_wconf 84' lang='lat' dir='ltr'>Ulysses</span> <span class='ocrx_word' id='word_1_118' title='bbox 567 2201 754 2268; x_wconf 75' lang='lat' dir='ltr'>Phaeacibus</span> <span class='ocrx_word' id='word_1_119' title='bbox 778 2203 817 2288; x_wconf 88' lang='grc' dir='ltr'>(ι,</span> <span class='ocrx_word' id='word_1_120' title='bbox 837 2206 901 2268; x_wconf 83' lang='grc'>195</span> <span class='ocrx_word' id='word_1_121' title='bbox 917 2203 1014 2289; x_wconf 83' lang='lat' dir='ltr'>seqq.)</span> <span class='ocrx_word' id='word_1_122' title='bbox 1036 2204 1187 2289; x_wconf 87' lang='lat' dir='ltr'>quomodo</span> <span class='ocrx_word' id='word_1_123' title='bbox 1206 2227 1276 2270; x_wconf 89' lang='lat' dir='ltr'>cum</span> <span class='ocrx_word' id='word_1_124' title='bbox 1294 2204 1369 2270; x_wconf 88' lang='lat' dir='ltr'>duc-</span> 
     </span>
     <span class='ocr_line' id='line_1_15' title="bbox 246 2315 1367 2406; baseline 0.001 -24"><span class='ocrx_word' id='word_1_125' title='bbox 246 2317 343 2382; x_wconf 81' lang='lat' dir='ltr'>decim</span> <span class='ocrx_word' id='word_1_126' title='bbox 372 2315 527 2381; x_wconf 85' lang='lat' dir='ltr'>fidissimis</span> <span class='ocrx_word' id='word_1_127' title='bbox 557 2339 594 2381; x_wconf 86' lang='lat' dir='ltr'>ex</span> <span class='ocrx_word' id='word_1_128' title='bbox 625 2315 771 2382; x_wconf 69' lang='lat' dir='ltr'>comitum</span> <span class='ocrx_word' id='word_1_129' title='bbox 801 2337 928 2382; x_wconf 81' lang='lat' dir='ltr'>numero</span> <span class='ocrx_word' id='word_1_130' title='bbox 955 2324 987 2384; x_wconf 77' lang='lat' dir='ltr'>et</span> <span class='ocrx_word' id='word_1_131' title='bbox 1014 2340 1084 2384; x_wconf 88' lang='lat' dir='ltr'>eum</span> <span class='ocrx_word' id='word_1_132' title='bbox 1106 2317 1171 2384; x_wconf 86' lang='lat' dir='ltr'>vini</span> <span class='ocrx_word' id='word_1_133' title='bbox 1194 2341 1279 2384; x_wconf 81' lang='lat' dir='ltr'>sacco</span> <span class='ocrx_word' id='word_1_134' title='bbox 1300 2341 1367 2406; x_wconf 91' lang='lat' dir='ltr'>per·</span> 
     </span>
     <span class='ocr_line' id='line_1_16' title="bbox 246 2429 1366 2517; baseline -0.001 -20"><span class='ocrx_word' id='word_1_135' title='bbox 246 2432 361 2497; x_wconf 81' lang='lat' dir='ltr'>venerit</span> <span class='ocrx_word' id='word_1_136' title='bbox 383 2431 421 2495; x_wconf 85' lang='lat' dir='ltr'>ad</span> <span class='ocrx_word' id='word_1_137' title='bbox 443 2429 621 2517; x_wconf 83' lang='lat' dir='ltr'>Polyphemi</span> <span class='ocrx_word' id='word_1_138' title='bbox 644 2433 773 2495; x_wconf 80' lang='lat' dir='ltr'>animm.</span> <span class='ocrx_word' id='word_1_139' title='bbox 796 2430 847 2494; x_wconf 87' lang='lat' dir='ltr'>Ad</span> <span class='ocrx_word' id='word_1_140' title='bbox 869 2431 943 2496; x_wconf 82' lang='lat' dir='ltr'>haec</span> <span class='ocrx_word' id='word_1_141' title='bbox 964 2431 1021 2496; x_wconf 92' lang='lat' dir='ltr'>hoc</span> <span class='ocrx_word' id='word_1_142' title='bbox 1045 2431 1179 2499; x_wconf 83' lang='lat' dir='ltr'>scholion</span> <span class='ocrx_word' id='word_1_143' title='bbox 1202 2439 1249 2497; x_wconf 77' lang='lat' dir='ltr'>est</span> <span class='ocrx_word' id='word_1_144' title='bbox 1273 2431 1306 2496; x_wconf 88' lang='lat' dir='ltr'>in</span> <span class='ocrx_word' id='word_1_145' title='bbox 1329 2432 1366 2509; x_wconf 80' lang='grc' dir='ltr'>Τ,</span> 
     </span>
     <span class='ocr_line' id='line_1_17' title="bbox 246 2543 1368 2631; baseline 0 -22"><span class='ocrx_word' id='word_1_146' title='bbox 246 2545 308 2631; x_wconf 83' lang='lat' dir='ltr'>qui,</span> <span class='ocrx_word' id='word_1_147' title='bbox 338 2545 419 2630; x_wconf 91' lang='lat' dir='ltr'>quod</span> <span class='ocrx_word' id='word_1_148' title='bbox 449 2544 483 2609; x_wconf 90' lang='lat' dir='ltr'>in</span> <span class='ocrx_word' id='word_1_149' title='bbox 511 2551 684 2610; x_wconf 77' lang='lat' dir='ltr'>transcursu</span> <span class='ocrx_word' id='word_1_150' title='bbox 713 2566 831 2622; x_wconf 90' lang='lat' dir='ltr'>moneo,</span> <span class='ocrx_word' id='word_1_151' title='bbox 866 2545 899 2609; x_wconf 92' lang='lat' dir='ltr'>in</span> <span class='ocrx_word' id='word_1_152' title='bbox 932 2543 1018 2610; x_wconf 84' lang='lat' dir='ltr'>libris</span> <span class='ocrx_word' id='word_1_153' title='bbox 1054 2551 1092 2623; x_wconf 73' lang='grc' dir='ltr'>θ,</span> <span class='ocrx_word' id='word_1_154' title='bbox 1129 2571 1153 2624; x_wconf 91' lang='grc' dir='ltr'>ι,</span> <span class='ocrx_word' id='word_1_155' title='bbox 1191 2569 1209 2608; x_wconf 85' lang='grc' dir='ltr'>ιι</span> <span class='ocrx_word' id='word_1_156' title='bbox 1244 2545 1368 2610; x_wconf 75' lang='lat' dir='ltr'>coeteris</span> 
     </span>
     <span class='ocr_line' id='line_1_18' title="bbox 246 2655 1365 2746; baseline -0.004 -23"><span class='ocrx_word' id='word_1_157' title='bbox 246 2658 335 2746; x_wconf 82' lang='lat' dir='ltr'>longe</span> <span class='ocrx_word' id='word_1_158' title='bbox 356 2657 477 2724; x_wconf 81' lang='lat' dir='ltr'>uberior</span> <span class='ocrx_word' id='word_1_159' title='bbox 495 2664 556 2723; x_wconf 76' lang='lat' dir='ltr'>cst:</span> <span class='ocrx_word' id='word_1_160' title='bbox 585 2656 640 2720; x_wconf 85' lang='grc' dir='ltr'>διὰ</span> <span class='ocrx_word' id='word_1_161' title='bbox 672 2657 705 2721; x_wconf 91' lang='grc' dir='ltr'>τί</span> <span class='ocrx_word' id='word_1_162' title='bbox 736 2655 880 2734; x_wconf 81' lang='grc' dir='ltr'><strong><em>δώδεκα,·</em></strong></span> <span class='ocrx_word' id='word_1_163' title='bbox 911 2658 967 2720; x_wconf 80' lang='grc' dir='ltr'>καί</span> <span class='ocrx_word' id='word_1_164' title='bbox 998 2659 1059 2742; x_wconf 84' lang='grc' dir='ltr'>γὰρ</span> <span class='ocrx_word' id='word_1_165' title='bbox 1091 2656 1210 2735; x_wconf 81' lang='grc' dir='ltr'><strong><em>ὀλίγοι,</em></strong></span> <span class='ocrx_word' id='word_1_166' title='bbox 1242 2659 1301 2722; x_wconf 77' lang='grc' dir='ltr'><strong><em>ἳνα</em></strong></span> <span class='ocrx_word' id='word_1_167' title='bbox 1323 2661 1365 2738; x_wconf 81' lang='grc' dir='ltr'>μὴ</span> 
     </span>
    </p>
   </div>
   <div class='ocr_carea' id='block_1_3' title="bbox 248 2750 1364 2857">
    <p class='ocr_par' dir='ltr' id='par_1_4' title="bbox 248 2750 1364 2857">
     <span class='ocr_line' id='line_1_19' title="bbox 248 2750 1364 2857; baseline 0.001 -23"><span class='ocrx_word' id='word_1_168' title='bbox 248 2770 327 2857; x_wconf 81' lang='grc' dir='ltr'><strong><em>δοκῇ</em></strong></span> <span class='ocrx_word' id='word_1_169' title='bbox 350 2773 394 2847; x_wconf 82' lang='grc' dir='ltr'>ὥς</span> <span class='ocrx_word' id='word_1_170' title='bbox 419 2774 472 2836; x_wconf 79' lang='grc' dir='ltr'>ἐπὶ</span> <span class='ocrx_word' id='word_1_171' title='bbox 501 2769 655 2856; x_wconf 74' lang='grc' dir='ltr'>λῃστείαν</span> <span class='ocrx_word' id='word_1_172' title='bbox 676 2774 780 2850; x_wconf 76' lang='grc' dir='ltr'><strong><em>ἥκειν·</em></strong></span> <span class='ocrx_word' id='word_1_173' title='bbox 814 2750 971 2844; x_wconf 79' lang='grc' dir='ltr'><strong><em>έλίιττους</em></strong></span> <span class='ocrx_word' id='word_1_174' title='bbox 1004 2768 1039 2832; x_wconf 77' lang='grc' dir='ltr'>δὲ</span> <span class='ocrx_word' id='word_1_175' title='bbox 1064 2769 1166 2834; x_wconf 84' lang='grc' dir='ltr'><strong><em>πάλιν</em></strong></span> <span class='ocrx_word' id='word_1_176' title='bbox 1191 2771 1248 2834; x_wconf 81' lang='grc' dir='ltr'>οὐκ</span> <span class='ocrx_word' id='word_1_177' title='bbox 1272 2765 1364 2850; x_wconf 79' lang='grc' dir='ltr'><strong><em>ἦγεν,</em></strong></span> 
     </span>
    </p>
   </div>
   <div class='ocr_carea' id='block_1_4' title="bbox 238 2877 1386 4674">
    <p class='ocr_par' dir='ltr' id='par_1_5' title="bbox 238 2877 1386 4674">
     <span class='ocr_line' id='line_1_20' title="bbox 243 2877 1367 2969; baseline 0.003 -23"><span class='ocrx_word' id='word_1_178' title='bbox 243 2887 300 2950; x_wconf 80' lang='grc' dir='ltr'><strong><em>ἳνα</em></strong></span> <span class='ocrx_word' id='word_1_179' title='bbox 324 2889 366 2968; x_wconf 80' lang='grc' dir='ltr'>μὴ</span> <span class='ocrx_word' id='word_1_180' title='bbox 391 2885 675 2969; x_wconf 80' lang='grc' dir='ltr'><strong><em>εὐκαταφρόνητος</em></strong></span> <span class='ocrx_word' id='word_1_181' title='bbox 699 2877 784 2948; x_wconf 77' lang='grc' dir='ltr'><strong><em>εἶναι</em></strong></span> <span class='ocrx_word' id='word_1_182' title='bbox 804 2881 894 2968; x_wconf 82' lang='grc' dir='ltr'><strong><em>δόξῃ·</em></strong></span> <span class='ocrx_word' id='word_1_183' title='bbox 919 2881 994 2947; x_wconf 72' lang='grc' dir='ltr'><strong><em>ἀλλ’</em></strong></span> <span class='ocrx_word' id='word_1_184' title='bbox 1015 2881 1089 2947; x_wconf 82' lang='grc' dir='ltr'><strong><em>οὐδέ</em></strong></span> <span class='ocrx_word' id='word_1_185' title='bbox 1113 2881 1201 2947; x_wconf 81' lang='grc' dir='ltr'><strong><em>ὅπλα</em></strong></span> <span class='ocrx_word' id='word_1_186' title='bbox 1220 2881 1367 2967; x_wconf 73' lang='grc' dir='ltr'><strong><em>ἐπιφέρε-</em></strong></span> 
     </span>
     <span class='ocr_line' id='line_1_21' title="bbox 245 2989 1365 3083; baseline 0.001 -21"><span class='ocrx_word' id='word_1_187' title='bbox 245 3024 312 3077; x_wconf 89' lang='grc' dir='ltr'><strong><em>τοιι,</em></strong></span> <span class='ocrx_word' id='word_1_188' title='bbox 344 2999 401 3065; x_wconf 81' lang='grc' dir='ltr'><strong><em>ίνοι</em></strong></span> <span class='ocrx_word' id='word_1_189' title='bbox 422 3001 465 3081; x_wconf 81' lang='grc' dir='ltr'>μὴ</span> <span class='ocrx_word' id='word_1_190' title='bbox 488 3000 532 3071; x_wconf 81' lang='grc' dir='ltr'>ὥς</span> <span class='ocrx_word' id='word_1_191' title='bbox 554 2995 708 3080; x_wconf 79' lang='grc' dir='ltr'><strong><em>πολέμιος</em></strong></span> <span class='ocrx_word' id='word_1_192' title='bbox 732 2989 849 3063; x_wconf 79' lang='grc' dir='ltr'><strong><em>εἶναι</em></strong></span> <span class='ocrx_word' id='word_1_193' title='bbox 874 2996 966 3080; x_wconf 81' lang='grc' dir='ltr'><strong><em>δοκῇ.</em></strong></span> <span class='ocrx_word' id='word_1_194' title='bbox 992 2995 1091 3072; x_wconf 82' lang='grc' dir='ltr'><strong><em>αὐτὸς</em></strong></span> <span class='ocrx_word' id='word_1_195' title='bbox 1115 2996 1150 3061; x_wconf 79' lang='grc' dir='ltr'>δὲ</span> <span class='ocrx_word' id='word_1_196' title='bbox 1174 2996 1365 3083; x_wconf 78' lang='grc' dir='ltr'><strong><em>παρέστη</em></strong></span> 
     </span>
     <span class='ocr_line' id='line_1_22' title="bbox 245 3109 1363 3196; baseline 0.001 -21"><span class='ocrx_word' id='word_1_197' title='bbox 245 3114 299 3175; x_wconf 83' lang='grc' dir='ltr'>καί</span> <span class='ocrx_word' id='word_1_198' title='bbox 329 3111 366 3177; x_wconf 77' lang='grc' dir='ltr'>οὐ</span> <span class='ocrx_word' id='word_1_199' title='bbox 397 3109 593 3196; x_wconf 78' lang='grc' dir='ltr'><strong><em>προπέμπει,</em></strong></span> <span class='ocrx_word' id='word_1_200' title='bbox 624 3111 683 3175; x_wconf 79' lang='grc' dir='ltr'><strong><em>ίνα</em></strong></span> <span class='ocrx_word' id='word_1_201' title='bbox 713 3114 755 3191; x_wconf 75' lang='grc' dir='ltr'>μὴ</span> <span class='ocrx_word' id='word_1_202' title='bbox 788 3111 947 3193; x_wconf 84' lang='grc' dir='ltr'><strong><em>φαίνηται</em></strong></span> <span class='ocrx_word' id='word_1_203' title='bbox 981 3109 1088 3186; x_wconf 85' lang='grc' dir='ltr'><strong><em>δειλὸς</em></strong></span> <span class='ocrx_word' id='word_1_204' title='bbox 1121 3116 1190 3184; x_wconf 84' lang='grc' dir='ltr'><strong><em>τοῖς</em></strong></span> <span class='ocrx_word' id='word_1_205' title='bbox 1226 3111 1363 3186; x_wconf 82' lang='grc' dir='ltr'><strong><em>Φαίαξι.</em></strong></span> 
     </span>
     <span class='ocr_line' id='line_1_23' title="bbox 245 3217 1364 3312; baseline -0.001 -22"><span class='ocrx_word' id='word_1_206' title='bbox 245 3229 300 3290; x_wconf 85' lang='grc' dir='ltr'><strong><em>τὸν</em></strong></span> <span class='ocrx_word' id='word_1_207' title='bbox 331 3223 366 3289; x_wconf 83' lang='grc' dir='ltr'>δὲ</span> <span class='ocrx_word' id='word_1_208' title='bbox 398 3224 499 3289; x_wconf 73' lang='lat' dir='ltr'>dccclv</span> <span class='ocrx_word' id='word_1_209' title='bbox 531 3226 651 3290; x_wconf 85' lang='grc' dir='ltr'><strong><em>οιίιεῖον</em></strong></span> <span class='ocrx_word' id='word_1_210' title='bbox 677 3221 810 3307; x_wconf 70' lang='grc' dir='ltr'><strong><em>ἐφόδιον</em></strong></span> <span class='ocrx_word' id='word_1_211' title='bbox 838 3223 1012 3311; x_wconf 74' lang='grc' dir='ltr'><strong><em>λαμβάνει,</em></strong></span> <span class='ocrx_word' id='word_1_212' title='bbox 1039 3227 1112 3312; x_wconf 84' lang='grc' dir='ltr'><strong><em>[τὸν</em></strong></span> <span class='ocrx_word' id='word_1_213' title='bbox 1138 3217 1258 3312; x_wconf 81' lang='grc' dir='ltr'><strong><em>οἷνον,]</em></strong></span> <span class='ocrx_word' id='word_1_214' title='bbox 1285 3228 1364 3310; x_wconf 83' lang='grc' dir='ltr'><strong><em>πρὸς</em></strong></span> 
     </span>
     <span class='ocr_line' id='line_1_24' title="bbox 244 3331 1363 3426; baseline 0.002 -24"><span class='ocrx_word' id='word_1_215' title='bbox 244 3340 452 3421; x_wconf 81' lang='grc' dir='ltr'><strong><em>ποιμενινοδς</em></strong></span> <span class='ocrx_word' id='word_1_216' title='bbox 484 3340 539 3401; x_wconf 83' lang='grc' dir='ltr'>καί</span> <span class='ocrx_word' id='word_1_217' title='bbox 571 3336 703 3422; x_wconf 80' lang='grc' dir='ltr'><strong><em>οἷγρίους</em></strong></span> <span class='ocrx_word' id='word_1_218' title='bbox 733 3336 871 3422; x_wconf 72' lang='grc' dir='ltr'><strong><em>ἄνδρας.</em></strong></span> <span class='ocrx_word' id='word_1_219' title='bbox 910 3338 996 3426; x_wconf 86' lang='grc' dir='ltr'><strong><em>[διὰ]</em></strong></span> <span class='ocrx_word' id='word_1_220' title='bbox 1031 3341 1064 3402; x_wconf 89' lang='grc' dir='ltr'>τί</span> <span class='ocrx_word' id='word_1_221' title='bbox 1096 3331 1154 3404; x_wconf 76' lang='grc' dir='ltr'><strong><em>οὖν</em></strong></span> <span class='ocrx_word' id='word_1_222' title='bbox 1187 3346 1274 3405; x_wconf 86' lang='grc' dir='ltr'><strong><em>ιιινεῖ</em></strong></span> <span class='ocrx_word' id='word_1_223' title='bbox 1304 3343 1363 3404; x_wconf 85' lang='grc' dir='ltr'><strong><em>τὸν</em></strong></span> 
     </span>
     <span class='ocr_line' id='line_1_25' title="bbox 242 3451 1366 3539; baseline 0 -23"><span class='ocrx_word' id='word_1_224' title='bbox 242 3451 401 3518; x_wconf 78' lang='grc' dir='ltr'><strong><em>Ὀδυσσέα</em></strong></span> <span class='ocrx_word' id='word_1_225' title='bbox 432 3454 510 3535; x_wconf 86' lang='grc' dir='ltr'><strong><em>πρὸς</em></strong></span> <span class='ocrx_word' id='word_1_226' title='bbox 541 3453 578 3515; x_wconf 89' lang='grc' dir='ltr'>τδ</span> <span class='ocrx_word' id='word_1_227' title='bbox 604 3455 646 3533; x_wconf 83' lang='grc' dir='ltr'>μὴ</span> <span class='ocrx_word' id='word_1_228' title='bbox 679 3458 859 3534; x_wconf 83' lang='grc' dir='ltr'><strong><em>πεισθῆναι</em></strong></span> <span class='ocrx_word' id='word_1_229' title='bbox 891 3458 961 3527; x_wconf 81' lang='grc' dir='ltr'><strong><em>τοῖς</em></strong></span> <span class='ocrx_word' id='word_1_230' title='bbox 993 3453 1135 3539; x_wconf 79' lang='grc' dir='ltr'><strong><em>ἑταίροις</em></strong></span> <span class='ocrx_word' id='word_1_231' title='bbox 1168 3451 1366 3539; x_wconf 68' lang='grc' dir='ltr'><strong><em>συμβουλευ-</em></strong></span> 
     </span>
     <span class='ocr_line' id='line_1_26' title="bbox 243 3564 1386 3654; baseline -0.002 -24"><span class='ocrx_word' id='word_1_232' title='bbox 243 3587 314 3630; x_wconf 91' lang='grc' dir='ltr'><strong><em>ουσι</em></strong></span> <span class='ocrx_word' id='word_1_233' title='bbox 346 3570 478 3648; x_wconf 83' lang='grc' dir='ltr'><strong><em>φυγεῖν,·</em></strong></span> <span class='ocrx_word' id='word_1_234' title='bbox 505 3564 556 3627; x_wconf 83' lang='grc' dir='ltr'>ὅτι</span> <span class='ocrx_word' id='word_1_235' title='bbox 587 3567 761 3647; x_wconf 87' lang='grc' dir='ltr'><strong><em>γενόμενος</em></strong></span> <span class='ocrx_word' id='word_1_236' title='bbox 793 3566 828 3630; x_wconf 80' lang='grc' dir='ltr'><strong><em>ἐν</em></strong></span> <span class='ocrx_word' id='word_1_237' title='bbox 864 3571 917 3654; x_wconf 39' lang='grc' dir='ltr'>τῷ,</span> <span class='ocrx_word' id='word_1_238' title='bbox 935 3565 1084 3649; x_wconf 84' lang='grc' dir='ltr'><strong><em>σπηλαίῳ</em></strong></span> <span class='ocrx_word' id='word_1_239' title='bbox 1108 3565 1264 3648; x_wconf 78' lang='grc' dir='ltr'><strong><em>οὐδεμίαν</em></strong></span> <span class='ocrx_word' id='word_1_240' title='bbox 1288 3565 1386 3650; x_wconf 47' lang='grc' dir='ltr'><strong><em>βίου,</em></strong></span> 
     </span>
     <span class='ocr_line' id='line_1_27' title="bbox 241 3677 1365 3764; baseline 0 -22"><span class='ocrx_word' id='word_1_241' title='bbox 241 3677 427 3764; x_wconf 79' lang='grc' dir='ltr'><strong><em>θηριώδους</em></strong></span> <span class='ocrx_word' id='word_1_242' title='bbox 457 3679 618 3743; x_wconf 74' lang='grc' dir='ltr'><strong><em>ὑπόνοιαν</em></strong></span> <span class='ocrx_word' id='word_1_243' title='bbox 650 3677 759 3764; x_wconf 73' lang='grc' dir='ltr'><strong><em>ἔλαβε.</em></strong></span> <span class='ocrx_word' id='word_1_244' title='bbox 785 3677 940 3764; x_wconf 79' lang='lat' dir='ltr'>Exscripsi</span> <span class='ocrx_word' id='word_1_245' title='bbox 963 3685 1064 3744; x_wconf 78' lang='lat' dir='ltr'>tolum</span> <span class='ocrx_word' id='word_1_246' title='bbox 1087 3680 1197 3757; x_wconf 87' lang='lat' dir='ltr'>locum,</span> <span class='ocrx_word' id='word_1_247' title='bbox 1222 3678 1365 3764; x_wconf 84' lang='lat' dir='ltr'>quoniam</span> 
     </span>
     <span class='ocr_line' id='line_1_28' title="bbox 241 3791 1365 3880; baseline -0.003 -22"><span class='ocrx_word' id='word_1_248' title='bbox 241 3792 465 3880; x_wconf 82' lang='lat' dir='ltr'>cqmdruplici</span> <span class='ocrx_word' id='word_1_249' title='bbox 489 3793 598 3858; x_wconf 91' lang='lat' dir='ltr'>mendo</span> <span class='ocrx_word' id='word_1_250' title='bbox 619 3791 792 3858; x_wconf 77' lang='lat' dir='ltr'>liberandus</span> <span class='ocrx_word' id='word_1_251' title='bbox 822 3796 878 3855; x_wconf 78' lang='lat' dir='ltr'>cst.</span> <span class='ocrx_word' id='word_1_252' title='bbox 904 3791 1008 3856; x_wconf 89' lang='lat' dir='ltr'>Primo</span> <span class='ocrx_word' id='word_1_253' title='bbox 1030 3792 1121 3866; x_wconf 86' lang='lat' dir='ltr'>enim,</span> <span class='ocrx_word' id='word_1_254' title='bbox 1146 3792 1221 3876; x_wconf 88' lang='lat' dir='ltr'>quid</span> <span class='ocrx_word' id='word_1_255' title='bbox 1242 3792 1365 3857; x_wconf 78' lang='lat' dir='ltr'>tandem</span> 
     </span>
     <span class='ocr_line' id='line_1_29' title="bbox 241 3892 1364 3993; baseline -0.002 -22"><span class='ocrx_word' id='word_1_256' title='bbox 241 3907 405 3993; x_wconf 83' lang='lat' dir='ltr'>significat:</span> <span class='ocrx_word' id='word_1_257' title='bbox 429 3906 553 3992; x_wconf 85' lang='lat' dir='ltr'>Ulysses</span> <span class='ocrx_word' id='word_1_258' title='bbox 575 3929 677 3972; x_wconf 87' lang='lat' dir='ltr'>secum</span> <span class='ocrx_word' id='word_1_259' title='bbox 700 3928 781 3972; x_wconf 83' lang='lat' dir='ltr'>armo</span> <span class='ocrx_word' id='word_1_260' title='bbox 812 3926 874 3971; x_wconf 91' lang='lat' dir='ltr'>non</span> <span class='ocrx_word' id='word_1_261' title='bbox 896 3892 1046 3982; x_wconf 67' lang='lat' dir='ltr'>ferh&#39;ica</span> <span class='ocrx_word' id='word_1_262' title='bbox 1068 3909 1110 3987; x_wconf 77' lang='grc' dir='ltr'>μὴ</span> <span class='ocrx_word' id='word_1_263' title='bbox 1135 3905 1186 3978; x_wconf 76' lang='grc' dir='ltr'>ὥς</span> <span class='ocrx_word' id='word_1_264' title='bbox 1210 3902 1364 3986; x_wconf 76' lang='grc' dir='ltr'><strong><em>πολέμιος</em></strong></span> 
     </span>
     <span class='ocr_line' id='line_1_30' title="bbox 242 4011 1363 4104; baseline -0.002 -20"><span class='ocrx_word' id='word_1_265' title='bbox 242 4013 326 4086; x_wconf 80' lang='grc' dir='ltr'><strong><em>εἶναι</em></strong></span> <span class='ocrx_word' id='word_1_266' title='bbox 359 4019 440 4103; x_wconf 82' lang='grc' dir='ltr'><strong><em>δοκῇ</em></strong></span> <span class='ocrx_word' id='word_1_267' title='bbox 447 4019 462 4083; x_wconf 77' lang='grc' dir='ltr'>Ρ</span> <span class='ocrx_word' id='word_1_268' title='bbox 493 4019 581 4084; x_wconf 80' lang='lat' dir='ltr'>siin</span> <span class='ocrx_word' id='word_1_269' title='bbox 613 4019 662 4085; x_wconf 85' lang='lat' dir='ltr'>his</span> <span class='ocrx_word' id='word_1_270' title='bbox 684 4011 771 4084; x_wconf 77' lang='grc' dir='ltr'><strong><em>εἶναι</em></strong></span> <span class='ocrx_word' id='word_1_271' title='bbox 796 4023 877 4084; x_wconf 74' lang='lat' dir='ltr'>recle</span> <span class='ocrx_word' id='word_1_272' title='bbox 899 4017 999 4097; x_wconf 82' lang='lat' dir='ltr'>habet,</span> <span class='ocrx_word' id='word_1_273' title='bbox 1028 4019 1071 4092; x_wconf 79' lang='grc' dir='ltr'>ὥς</span> <span class='ocrx_word' id='word_1_274' title='bbox 1094 4018 1275 4084; x_wconf 71' lang='lat' dir='ltr'>sententiam</span> <span class='ocrx_word' id='word_1_275' title='bbox 1297 4040 1363 4104; x_wconf 85' lang='lat' dir='ltr'>pes·</span> 
     </span>
     <span class='ocr_line' id='line_1_31' title="bbox 239 4130 1362 4213; baseline -0.004 -15"><span class='ocrx_word' id='word_1_276' title='bbox 239 4134 368 4198; x_wconf 83' lang='lat' dir='ltr'>somdet.</span> <span class='ocrx_word' id='word_1_277' title='bbox 391 4133 474 4197; x_wconf 83' lang='lat' dir='ltr'>Nam</span> <span class='ocrx_word' id='word_1_278' title='bbox 495 4131 578 4198; x_wconf 88' lang='lat' dir='ltr'>locus</span> <span class='ocrx_word' id='word_1_279' title='bbox 601 4139 675 4198; x_wconf 81' lang='lat' dir='ltr'>tunc</span> <span class='ocrx_word' id='word_1_280' title='bbox 696 4132 740 4199; x_wconf 77' lang='lat' dir='ltr'>ita</span> <span class='ocrx_word' id='word_1_281' title='bbox 762 4132 924 4199; x_wconf 81' lang='lat' dir='ltr'>vertendus</span> <span class='ocrx_word' id='word_1_282' title='bbox 947 4139 1010 4198; x_wconf 75' lang='lat' dir='ltr'>est:</span> <span class='ocrx_word' id='word_1_283' title='bbox 1036 4153 1095 4213; x_wconf 90' lang='lat' dir='ltr'>„nc</span> <span class='ocrx_word' id='word_1_284' title='bbox 1117 4130 1271 4196; x_wconf 79' lang='lat' dir='ltr'>videretur</span> <span class='ocrx_word' id='word_1_285' title='bbox 1288 4152 1362 4206; x_wconf 86' lang='lat' dir='ltr'>esse,</span> 
     </span>
     <span class='ocr_line' id='line_1_32' title="bbox 239 4242 1362 4331; baseline -0.004 -19"><span class='ocrx_word' id='word_1_286' title='bbox 239 4246 335 4331; x_wconf 75' lang='lat' dir='ltr'>qualis</span> <span class='ocrx_word' id='word_1_287' title='bbox 356 4246 453 4326; x_wconf 75' lang='lat' dir='ltr'>hostis</span> <span class='ocrx_word' id='word_1_288' title='bbox 474 4267 538 4310; x_wconf 87' lang='lat' dir='ltr'>csse</span> <span class='ocrx_word' id='word_1_289' title='bbox 559 4245 666 4324; x_wconf 75' lang='lat' dir='ltr'>solet,’&#39;</span> <span class='ocrx_word' id='word_1_290' title='bbox 690 4269 762 4324; x_wconf 90' lang='lat' dir='ltr'>non,</span> <span class='ocrx_word' id='word_1_291' title='bbox 787 4268 847 4327; x_wconf 89' lang='lat' dir='ltr'>„nc</span> <span class='ocrx_word' id='word_1_292' title='bbox 871 4244 968 4310; x_wconf 80' lang='lat' dir='ltr'>hostis</span> <span class='ocrx_word' id='word_1_293' title='bbox 992 4267 1056 4310; x_wconf 88' lang='lat' dir='ltr'>esse</span> <span class='ocrx_word' id='word_1_294' title='bbox 1074 4242 1258 4322; x_wconf 82' lang='lat' dir='ltr'>videretur‚&#39;&#39;</span> <span class='ocrx_word' id='word_1_295' title='bbox 1280 4242 1362 4327; x_wconf 90' lang='lat' dir='ltr'>quod</span> 
     </span>
     <span class='ocr_line' id='line_1_33' title="bbox 239 4356 1363 4445; baseline -0.004 -22"><span class='ocrx_word' id='word_1_296' title='bbox 239 4359 404 4425; x_wconf 77' lang='lat' dir='ltr'>sententiae</span> <span class='ocrx_word' id='word_1_297' title='bbox 432 4380 527 4423; x_wconf 85' lang='lat' dir='ltr'>nexus</span> <span class='ocrx_word' id='word_1_298' title='bbox 557 4358 646 4424; x_wconf 87' lang='lat' dir='ltr'>unice</span> <span class='ocrx_word' id='word_1_299' title='bbox 678 4359 805 4445; x_wconf 80' lang='lat' dir='ltr'>flagitet.</span> <span class='ocrx_word' id='word_1_300' title='bbox 838 4357 1029 4424; x_wconf 79' lang='lat' dir='ltr'>Facillimum</span> <span class='ocrx_word' id='word_1_301' title='bbox 1059 4357 1190 4436; x_wconf 78' lang='lat' dir='ltr'>videtur,</span> <span class='ocrx_word' id='word_1_302' title='bbox 1224 4356 1363 4422; x_wconf 79' lang='lat' dir='ltr'>voculam</span> 
     </span>
     <span class='ocr_line' id='line_1_34' title="bbox 238 4469 1363 4556; baseline 0 -22"><span class='ocrx_word' id='word_1_303' title='bbox 238 4473 295 4550; x_wconf 79' lang='grc' dir='ltr'>ὥς,</span> <span class='ocrx_word' id='word_1_304' title='bbox 328 4494 423 4556; x_wconf 89' lang='lat' dir='ltr'>quum</span> <span class='ocrx_word' id='word_1_305' title='bbox 453 4493 540 4556; x_wconf 84' lang='lat' dir='ltr'>saepe</span> <span class='ocrx_word' id='word_1_306' title='bbox 568 4471 645 4536; x_wconf 81' lang='lat' dir='ltr'>male</span> <span class='ocrx_word' id='word_1_307' title='bbox 682 4472 769 4550; x_wconf 76' lang='lat' dir='ltr'>adsit,</span> <span class='ocrx_word' id='word_1_308' title='bbox 808 4470 925 4550; x_wconf 89' lang='lat' dir='ltr'>eiicere,</span> <span class='ocrx_word' id='word_1_309' title='bbox 957 4470 1210 4556; x_wconf 81' lang='lat' dir='ltr'>quemadmodum</span> <span class='ocrx_word' id='word_1_310' title='bbox 1240 4469 1300 4535; x_wconf 85' lang='lat' dir='ltr'>iam</span> <span class='ocrx_word' id='word_1_311' title='bbox 1330 4469 1363 4535; x_wconf 87' lang='lat' dir='ltr'>in</span> 
     </span>
     <span class='ocr_line' id='line_1_35' title="bbox 241 4583 1361 4674; baseline -0.002 -24"><span class='ocrx_word' id='word_1_312' title='bbox 241 4585 487 4671; x_wconf 77' lang='lat' dir='ltr'>praecedentibus</span> <span class='ocrx_word' id='word_1_313' title='bbox 509 4583 633 4650; x_wconf 84' lang='lat' dir='ltr'>eandem</span> <span class='ocrx_word' id='word_1_314' title='bbox 656 4584 739 4651; x_wconf 89' lang='lat' dir='ltr'>eieci.</span> <span class='ocrx_word' id='word_1_315' title='bbox 764 4585 824 4652; x_wconf 85' lang='lat' dir='ltr'>Sed</span> <span class='ocrx_word' id='word_1_316' title='bbox 841 4584 911 4650; x_wconf 70' lang='lat' dir='ltr'>‘illic</span> <span class='ocrx_word' id='word_1_317' title='bbox 928 4583 1173 4674; x_wconf 81' lang='lat' dir='ltr'>paheogrephice</span> <span class='ocrx_word' id='word_1_318' title='bbox 1192 4583 1269 4650; x_wconf 77' lang='lat' dir='ltr'>ratio</span> <span class='ocrx_word' id='word_1_319' title='bbox 1287 4590 1361 4663; x_wconf 79' lang='lat' dir='ltr'>eret,</span> 
     </span>
    </p>
   </div>
   <div class='ocr_carea' id='block_1_5' title="bbox 0 0 1732 5330">
    <p class='ocr_par' dir='ltr' id='par_1_6' title="bbox 0 0 1732 5330">
     <span class='ocr_line' id='line_1_36' title="bbox 0 0 1732 5330; baseline 0 2"><span class='ocrx_word' id='word_1_320' title='bbox 0 0 1732 5330; x_wconf 95' lang='lat' dir='ltr'> </span> 
     </span>
    </p>
   </div>
  </div>
 </body>
</html>
