3454 5330
801 658 843 720 95

260 842 331 932 (Od.
362 870 399 908 ιο.
435 837 524 930 258.)
554 846 614 926 ὁρᾷ
646 840 680 906 δὲ
713 839 752 922 δὴ
784 842 840 905 καί
865 843 899 904 ἐκ
924 847 980 922 τῆς
1005 844 1110 927 ὄψεως
1133 845 1190 908 τὸν
1219 840 1379 908 Ὀδυσσέα

258 959 311 1021 καί
336 959 371 1022 ἐκ
396 961 462 1023 τῶν
488 955 592 1034 λόγων
625 955 833 1039 τεκμαίρεται
866 955 902 1018 τὸ
931 953 1057 1038 α’ξίωμα
1081 959 1137 1021 τοῦ
1161 954 1290 1040 ἀνδρὸς.
1317 955 1381 1022 Cur

257 1069 341 1134 ἀλλὰ
360 1071 551 1162 inserendum
568 1071 715 1148 duxerim,
735 1070 887 1136 neminem
905 1070 998 1136 latere
1016 1075 1125 1157 potest.
1144 1070 1202 1134 nst
1220 1069 1301 1134 enim
1319 1070 1380 1134 ini-

256 1185 334 1250 tium
363 1186 498 1272 responsi
528 1188 583 1250 τοῦ
609 1183 743 1249 λυτικοί)
776 1184 815 1248 ad
838 1183 1040 1249 obiectionem
1062 1183 1152 1249 modo
1174 1190 1377 1261 memoratam,

256 1305 287 1362 et
307 1298 396 1364 facile
416 1305 535 1385 poterat
556 1297 644 1361 ἀλλ’
669 1299 789 1364 exidere
813 1303 936 1384 propter
954 1297 1132 1384 praecedens
1156 1304 1346 1378 ποιησασθοι
1356 1323 1378 1361 ι.

257 1411 316 1476 Sed
344 1419 375 1477 et
405 1412 488 1477 aliud
518 1412 663 1476 mendum
693 1412 813 1477 residet.
850 1411 973 1498 Semper
995 1411 1076 1477 enim
1098 1411 1160 1478 fuit
1180 1412 1253 1478 haee
1275 1413 1379 1500 opinio

257 1528 337 1589 τῶν
361 1523 538 1609 πολλῶν,
569 1531 606 1589 ut
635 1525 791 1599 virtutem,
825 1524 917 1590 etiam
939 1524 1087 1602 bellicam,
1115 1525 1207 1591 etiam
1229 1529 1290 1608 τὴν
1314 1529 1379 1590 απὸ

256 1639 373 1721 ὄψεως,
398 1645 467 1724 post
489 1659 628 1704 nummos
650 1644 807 1725 ponerent,
831 1660 894 1703 non
916 1661 982 1703 eam
1000 1637 1132 1704 nummis
1155 1646 1378 1726 praeponerent.
1467 1646 1474 1652 ‘

256 1751 315 1816 Sed
337 1773 391 1837 pro
414 1753 454 1815 οἱ
476 1749 631 1816 πολλοὶ
663 1757 745 1818 certa
766 1751 939 1816 coniectura
961 1751 1000 1815 οἱ
1028 1749 1211 1815 παλαιοί
1234 1773 1389 1840 σοροοοο-1

255 1864 328 1928 dum
350 1870 405 1942 est,
430 1885 558 1949 quornm
581 1886 678 1929 mores
702 1864 735 1929 in
761 1864 916 1950 iungendo
938 1864 1131 1929 matrimonio
1154 1888 1172 1930 a
1194 1864 1241 1928 sni
1264 1870 1380 1951 tempo-

254 1977 296 2042 ris
324 1976 460 2042 moribus
489 1978 608 2046 differre
638 1977 797 2043 scholiasta
827 1999 948 2044 monere
979 1976 1141 2056 debuerat3
1171 1999 1241 2043 nam
1272 1977 1305 2042 in
1324 1978 1381 2042 hac

254 2091 441 2176 oppositione
474 2097 557 2156 totns
587 2091 631 2156 rei
662 2091 751 2156 cerdo
782 2091 921 2157 vertitur.
961 2091 1124 2178 Repetitur
1160 2091 1243 2157 idem
1276 2092 1380 2158 statim

254 2203 388 2269 soholion
416 2227 454 2270 ex
483 2203 541 2276 Pe
562 2243 607 2256 —
629 2226 700 2270 nam
731 2204 813 2288 quod
843 2227 925 2270 nuno
955 2204 1112 2271 emendavi
1142 2228 1179 2272 ex
1207 2205 1234 2270 'P
1258 2212 1304 2272 est
1336 2243 1380 2254 —

254 2315 357 2400 ibique
379 2318 444 2383 sine
466 2318 575 2383 mendo
594 2317 724 2403 legitur:
751 2319 856 2382 ἐκεῖνο
878 2317 912 2381 δι’
935 2317 1058 2402 ῥητέον·
1071 2319 1122 2381 ὅτι
1142 2317 1287 2384 παλαιὸν
1301 2318 1380 2392 ἔθος

255 2429 290 2492 τὸ
314 2431 503 2515 προκρίνειν
526 2433 601 2504 τοιίς
625 2430 778 2515 ἀρίστους
801 2434 867 2496 τῶν
891 2429 1008 2510 ξένιον,
1035 2433 1090 2495 καί
1115 2429 1160 2494 δι’
1181 2429 1299 2515 α’ρετὴν
1320 2439 1377 2497 eto.

255 2542 522 2631 planeutsupra.
547 2543 692 2629 οὐγὰρ
719 2545 779 2617 εἰς
810 2544 882 2609 τὸν
907 2543 1092 2609 πλοῦτον
1116 2542 1316 2627 ἀφεώρων
1341 2545 1380 2607 οἱ

254 2654 446 2736 παλαιοί,
471 2654 545 2720 ἀλλ’
571 2659 616 2729 είς
639 2660 700 2737 τὴν
725 2655 842 2741 οίρετὴν
869 2660 929 2736 τὴν
952 2655 1017 2719 dna
1042 2661 1101 2737 τῆς
1120 2658 1238 2740 ὅψεως.
1260 2655 1380 2741 Saepis-

254 2768 329 2833 sime
358 2770 392 2834 in
426 2770 538 2834 nostris
569 2791 623 2857 pro
646 2768 784 2833 παλαιοί
808 2768 930 2854 irrepsit
950 2749 1095 2833 vitiosum
1117 2765 1246 2832 πολλοί.
1275 2767 1380 2833 Corre-

254 2887 336 2945 otnm
357 2882 461 2946 estad
483 2889 520 2946 e.
547 2886 621 2960 163,
645 2882 700 2948 nbi
724 2881 755 2953 Q
777 2880 869 2946 habet
890 2886 911 2962 ἡ
931 2878 966 2943 δὲ
993 2887 1101 2966 χρῆσις
1122 2883 1210 2967 παρὰ
1231 2906 1378 2955 τοιςπα-

254 2990 359 3069 λαιοῖς
382 2993 463 3079 ἔχει,
489 2995 546 3076 „n
570 2995 604 3060 in
627 2974 741 3060 aeholio
764 2993 895 3060 breviori
925 2990 1095 3068 πολλοῖς.”
1118 2994 1193 3061 Non
1215 3001 1380 3061 correctum

253 3107 355 3171 estad
375 3132 405 3169 κ.
422 3111 496 3185 180,
517 3107 571 3172 ubi
588 3109 625 3172 de
636 3113 799 3192 θηήσαντ’
820 3106 944 3190 ἔλαφον
964 3107 1092 3204 dieitur:
1114 3107 1193 3183 ἔθος
1205 3113 1266 3193 γὰρ
1288 3115 1379 3182 τοῖς

253 3218 433 3295 πολλοῖς
465 3221 650 3303 θαυμάζειν
683 3225 723 3285 τὰ
756 3221 821 3285 α’πὸ
851 3224 955 3306 ἄγρας
974 3205 1170 3306 Ιείλημμένα,
1194 3223 1288 3288 immo
1310 3227 1378 3294 τοῖς

253 3330 418 3406 παλαιοῖς.
451 3334 537 3399 Idem
569 3335 681 3400 vitium
713 3337 817 3402 eodem
839 3337 972 3402 remedio
995 3337 1161 3402 sanandum
1183 3337 1263 3423 apud
1286 3335 1380 3401 Joan-

252 3467 321 3511 nem
343 3447 516 3528 Obaraoem,
537 3449 624 3515 emus
646 3449 748 3515 looum
771 3450 898 3536 protulit
915 3451 1060 3516 Lehrsins
1083 3449 1222 3520 Quaestt.
1242 3449 1327 3535 Epio.
1349 3470 1379 3533 p.

254 3562 327 3624 103.
354 3563 408 3625 καί
435 3561 541 3628 ἰστέον
566 3563 617 3626 ὃτι
642 3565 683 3626 τοί
706 3560 806 3628 ἕνεκα
824 3561 985 3646 διαφόρου
1005 3559 1246 3645 σημαινομένου
1267 3558 1379 3636 ἐγκλι-

254 3678 374 3754 νόμενα
398 3674 568 3754 ἐγκλιτικὰ
592 3674 761 3740 καλοῦσιν·
783 3712 884 3723 --
901 3676 942 3737 τοί
963 3673 998 3738 δὲ
1020 3678 1079 3756 τὴν
1099 3673 1202 3754 αὐτὴν
1216 3673 1377 3756 σημασίαν
1421 3681 1424 3686 ’

253 3785 462 3868 φυλάττοντα
494 3788 644 3873 ἐγερτικὰ
676 3790 715 3854 οἱ
738 3786 892 3853 πολλοί
919 3785 972 3875 (i’)
997 3786 1130 3851 καλοῦσι
1155 3785 1210 3850 διὰ
1235 3791 1270 3851 τό
1294 3787 1384 3864 ἐγεί-Ι

249 3921 320 3983 Ιρειν
352 3905 413 3983 τὴν
445 3906 506 3987 πρὸ
539 3902 649 3968 αὐτῶν
682 3902 794 3977 ὀξεῖαν
827 3903 881 3965 καί
905 3900 1008 3984 μηδὲν
1031 3898 1114 3964 ἄλλο
1139 3898 1379 3997 δηλοῦνχὸμως

253 4011 287 4075 δε·
322 4019 439 4090 κοινῶς
471 4022 582 4080 πάντα
607 4015 777 4095 ε’γκλιτικὰ
802 4012 966 4093 καλεῖται,
998 4015 1032 4079 in
1055 4037 1115 4100 quo
1137 4015 1203 4079 loeo
1226 4015 1263 4078 ad
1285 4013 1380 4078 inter-

252 4128 416 4212 rogationis
447 4129 579 4215 signum,
612 4154 629 4194 a
659 4129 786 4195 Lehrsio
809 4128 953 4217 positum,
987 4128 1031 4192 ita
1053 4127 1294 4214 respondendnm
1315 4149 1379 4191 esse

252 4247 341 4325 puto:
367 4242 466 4328 Lege:
491 4245 532 4305 τὰ
556 4241 591 4306 δὲ
617 4248 676 4325 τὴν
698 4244 801 4325 αὐτὴν
824 4241 986 4324 σημασίαν
1007 4238 1217 4323 φυλάττοντα
1230 4241 1379 4324 ἐγερτικὰ

252 4355 291 4416 οἱ
313 4353 497 4420 παλαιοί
521 4355 668 4423 καλοῦσι.

296 4468 345 4532 Ad
368 4474 404 4531 e.
431 4475 450 4532 5
473 4467 664 4534 observatur:
696 4471 740 4542 ὠς
769 4472 813 4535 ἂν
839 4471 911 4554 περὶ
938 4471 978 4533 τὰ
1010 4469 1151 4533 ναυτικὰ
1175 4465 1380 4531 ἐσπουδα-

253 4584 393 4661 κότας,
419 4585 548 4656 εἰκότως
572 4586 627 4647 καί
653 4589 709 4648 τὸν
735 4589 837 4650 τόπον
862 4591 918 4666 τῆς
950 4581 1122 4666 ἐκκλησίας
1147 4581 1288 4665 πλησίον
1314 4589 1378 4649 τῶν
