3454 5330
879 631 1016 726 60,

1005 811 1080 878 οὐδὲ
1105 839 1137 878 τι
1161 812 1267 896 ἰ’δμεν,

339 926 413 1002 ζώει
437 927 488 1004 ὅγ’
511 931 533 1008 ἤ
555 925 728 1010 τέθνηκεν.
753 925 929 1011 όδόρονταί
953 932 994 994 ru!
1015 952 1079 992 που
1103 927 1204 995 αὐτόν

338 1039 489 1124 Λαέρτης
501 1045 538 1102 θ’
550 1043 568 1104 ό
579 1037 683 1125 γε’ρων
695 1045 750 1105 καὶ
764 1039 907 1125 ἐχέφρων
920 1039 1143 1124 Πηνελόπεια,
1157 1047 1214 1106 eto.
1229 1040 1272 1127 (δ.
1286 1045 1349 1106 109
1362 1041 1458 1131 seqq.)

382 1154 431 1218 Ad
460 1154 533 1218 haec
563 1154 722 1220 scholiasta
751 1154 784 1218 in
816 1153 854 1225 Q.
889 1155 941 1217 ε’πὶ
972 1158 1007 1218 τό
1039 1157 1327 1240 οἰκτρότατον
1356 1161 1458 1240 προή-

338 1292 418 1345 γαγε
443 1267 501 1330 τόν
529 1260 651 1333 οἶκτον.
677 1267 876 1332 Scribendum
898 1289 962 1333 esse
986 1269 1038 1331 ἐπὶ
1063 1271 1100 1332 τό
1124 1271 1335 1352 οἷκτρότατον
1357 1274 1460 1351 προή-

338 1405 418 1459 γαγε
451 1382 509 1445 τόν
541 1377 583 1442 λό
593 1404 681 1458 γον,
713 1379 746 1444 bi
777 1381 1026 1446 demonstrabunt
1056 1381 1131 1446 loci:
1157 1382 1195 1446 ad
1218 1407 1245 1460 ε,
1271 1386 1335 1447 410
1360 1404 1396 1446 ex
1418 1382 1458 1445 P:

340 1493 437 1567 αότός
461 1493 549 1559 ἐστιν
579 1495 686 1578 ἑαυτῷ
709 1496 966 1575 συναισθόμενος
989 1495 1131 1578 Ὅμηρος
1153 1497 1189 1559 εἷ
1197 1521 1212 1568 ς
1236 1496 1333 1562 ὅσον
1356 1494 1460 1572 οἰνω-

339 1608 435 1681 νίας
466 1611 679 1690 προήγαγε
716 1610 788 1675 τόν
819 1605 961 1686 λόγον,
994 1616 1025 1673 ct
1055 1608 1152 1694 magis
1186 1608 1277 1674 etiam
1299 1609 1337 1673 ad
1360 1611 1392 1694 β.
1417 1613 1458 1672 81

338 1744 376 1785 ex
397 1719 505 1792 MQR.
530 1718 707 1801 δαιμονίως
727 1723 834 1804 ἑαυτῷ
848 1721 1061 1805 ἐπιμαρτυρεῖ
1079 1723 1098 1784 ό
1109 1725 1246 1805 ποιητὴς
1270 1723 1287 1785 ό
1295 1747 1334 1784 τι
1357 1726 1460 1805 πρός

338 1836 382 1896 τό
406 1834 692 1915 οἶκτρότατον
715 1839 873 1917 προῆκε
897 1837 971 1900 τόν
995 1832 1105 1912 λόγον.

382 1945 425 2008 Et
454 1945 498 2008 sic
525 1945 598 2010 huic
627 1945 805 2011 emendandi
836 1947 935 2024 modo,
969 1948 1022 2030 qui
1052 1948 1168 2013 urendo
1198 1954 1229 2014 et
1259 1950 1385 2015 secando
1415 1952 1460 2028 fit,

338 2059 429 2121 finem
459 2057 591 2142 impono,
614 2058 653 2121 ad
675 2057 758 2122 aliud
781 2053 993 2142 argumentum
1015 2061 1206 2126 transiturus.
1231 2063 1346 2127 Medici
1368 2064 1459 2142 enim,

339 2176 376 2233 ut
397 2170 547 2256 personati
570 2170 698 2235 Homeri
720 2171 819 2236 verbis
842 2177 921 2249 uter,
944 2179 1107 2258 utrumque
1130 2181 1192 2240 ost:
1219 2176 1275 2262 (Λ,
1302 2176 1392 2266 515.)

439 2285 506 2360 loric
530 2289 559 2349 r’
584 2285 770 2367 ἐκτάμνειν,
796 2285 848 2348 ε’πό
873 2291 903 2348 τ’
927 2289 1009 2366 ἤπια
1033 2292 1187 2371 φάρμακα
1211 2293 1358 2358 πάσσειν.

384 2518 460 2600 §52
491 2514 623 2580 Transeo
653 2535 736 2577 nuno
766 2514 804 2577 ad
834 2535 954 2600 prorsus
977 2516 1162 2582 contrarium
1189 2516 1333 2583 vitiorum
1355 2540 1460 2603 genus,

340 2653 447 2716 nempe
470 2629 508 2694 ad
530 2629 585 2693 hos
606 2627 697 2706 locos,
721 2627 775 2694 ubi
798 2634 850 2693 aut
872 2627 905 2692 in
927 2628 1038 2694 nostris
1056 2630 1143 2694 codd.
1162 2637 1215 2696 aut
1233 2631 1294 2696 iam
1312 2632 1462 2698 incorum

341 2744 519 2831 archetypis,
552 2743 616 2810 sive
646 2742 811 2808 scribarum
841 2764 949 2820 errore,
980 2743 1043 2810 sive
1075 2745 1156 2828 quod
1187 2745 1249 2810 situ
1279 2752 1310 2811 et
1340 2747 1461 2812 madore

340 2857 485 2923 nonnulla
514 2856 651 2942 dignosci
678 2879 740 2921 non
769 2863 942 2942 potuerunt,
974 2857 1109 2942 singulae
1139 2858 1278 2942 syllabae,
1301 2858 1462 2925 ueletiam

339 2977 405 3036 tota
424 2970 570 3036 vocabula
590 2977 621 3035 et
642 2992 746 3036 uersus
765 2969 856 3035 etiam
874 2970 1013 3035 nonnulli
1035 2970 1219 3036 exciderunt.
1232 2973 1461 3059 Nonnunquam

338 3084 411 3148 haec
444 3106 482 3148 ex
514 3082 581 3148 aliis
614 3083 700 3147 codd.
733 3086 859 3168 possunt
891 3083 1022 3160 restitui,
1054 3105 1281 3168 nonnumquam
1310 3108 1348 3150 ex
1376 3086 1462 3171 inge-

339 3197 402 3274 nio,
434 3195 606 3273 estotim,
638 3194 692 3259 ubi
723 3195 821 3259 omnis
851 3195 1010 3280 supplendi
1041 3217 1108 3281 spes
1138 3195 1224 3260 irrita
1246 3197 1382 3264 habenda
1404 3205 1459 3264 eet.

340 3310 429 3375 Dabo
459 3310 591 3397 primum
622 3331 659 3373 ex
686 3308 803 3393 ingenti
834 3307 1031 3374 multitudine
1062 3329 1172 3394 paucos
1201 3309 1291 3390 iocos,
1315 3311 1370 3376 ubi
1392 3335 1462 3378 vera

340 3424 430 3491 lectio
452 3424 514 3490 iam
536 3422 676 3488 restituta
698 3428 752 3487 est.
777 3420 828 3485 sio
850 3421 888 3485 ad
912 3419 941 3496 ζ.
956 3425 999 3486 44
1023 3444 1094 3509 pro:
1121 3423 1165 3497 ὥς
1187 3424 1269 3490 ὅταν
1291 3425 1335 3486 τό
1359 3424 1459 3508 δόρυ

340 3546 396 3606 eto.
428 3540 462 3604 in
492 3537 529 3603 Τ.
560 3543 622 3602 est:
657 3560 717 3620 „pv
751 3533 818 3625 (sio,
851 3523 968 3602 omissis
997 3536 1094 3602 literis
1125 3539 1161 3600 τό
1193 3541 1225 3602 et
1256 3535 1340 3622 δο).”
1366 3539 1459 3603 Dind.

340 3655 419 3740 App.
443 3678 472 3740 p.
500 3654 573 3718 767.
593 3650 769 3716 Oorrectum
791 3657 837 3715 est
861 3672 898 3714 ex
918 3650 1046 3721 BHPQ.
1071 3651 1121 3716 Ad
1141 3675 1171 3732 η.
1188 3654 1239 3727 64,
1260 3673 1330 3736 pro:
1352 3654 1461 3736 τὸγὰρ

340 3771 484 3852 ἄκουρον
505 3765 562 3832 οὐκ
588 3763 758 3833 ἐκδεκτέον
780 3763 924 3842 ἄπαιδα,
950 3762 1034 3826 α’λλόι
1059 3762 1117 3827 οὐκ
1146 3762 1265 3848 ἔχοντα
1294 3767 1421 3849 κοῦρον,
1444 3767 1461 3828 ό

342 3883 431 3950 ἐστιν
447 3884 569 3966 ἄρρενα
589 3878 705 3962 παῖδα,
724 3879 759 3943 in
774 3877 811 3956 Τ,
833 3878 914 3961 quod
925 3875 977 3942 vix
989 3877 1141 3955 credibile,
1154 3877 1267 3963 iegitur
1285 3878 1459 3942 ἄπαιδα.

342 3993 436 4083 (App.
465 4018 494 4082 p.
522 3995 610 4079 770.)
642 3992 684 4056 Et
705 3991 769 4056 illic
790 4014 827 4055 ex
851 3989 918 4054 eliis
941 3988 1027 4053 codd.
1051 4011 1122 4055 vera
1142 3990 1233 4057 lectio
1255 3991 1384 4077 reposita
1405 3999 1460 4057 est.
1549 4029 1550 4032 ε

341 4108 400 4172 Ad.
423 4133 446 4170 ι.
476 4111 538 4173 335
571 4106 688 4172 editum
711 4111 756 4169 est
778 4127 795 4168 a
817 4104 951 4168 Porsono
974 4109 1004 4166 et
1037 4103 1225 4169 Buttmanno
1247 4104 1382 4170 scholion
1403 4104 1462 4170 boo

343 4243 380 4284 ox
404 4219 454 4284 H:
479 4221 538 4304 ὃρα
562 4221 613 4282 ότι
638 4217 826 4299 αὐτομάτως
852 4217 937 4302 (-τος
947 4215 974 4302 P)
1000 4218 1054 4279 καὶ
1076 4216 1172 4302 δίχα
1196 4215 1357 4300 luypo&
1381 4221 1461 4282 ἑαυ-

347 4335 405 4400 τὸν
430 4331 597 4396 ἐπιδίδωσι
622 4337 701 4417 πρός
724 4331 800 4405 τοός
823 4326 1006 4406 κινδύνους.
1032 4331 1206 4398 Absurdum
1229 4338 1275 4396 ost
1293 4330 1371 4417 δίχα
1380 4331 1462 4410 λαγ-

342 4450 414 4528 post.
448 4447 606 4512 Porsonus·
631 4445 709 4510 nihil
732 4443 866 4522 eddium
889 4443 1095 4512 Buttmannus
1118 4445 1247 4523 monuit,
1271 4445 1464 4511 Schaeferum

342 4560 491 4645 praeferre
522 4559 657 4645 λαχμοῦ.
688 4557 805 4624 Verum
834 4564 890 4637 est,
922 4560 1003 4647 quod
1033 4560 1164 4648 repperit
1194 4559 1345 4638 Strnvius,
1378 4559 1464 4625 cuius
