3442 5330
281 829 405 907 notitia,
448 851 522 912 quas
554 830 629 892 scire
660 829 795 906 interest,
828 836 858 893 et
885 830 972 914 plane
995 829 1098 893 inhia
1121 829 1415 896 usuvenitdecan·

284 951 384 1009 tatum
409 944 488 1008 illud
511 943 654 1007 Homeri:

332 1056 440 1120 πολλά
464 1059 523 1138 μὲν
550 1054 654 1119 ἐσθλά
677 1056 872 1138 μεμιγμένα,
898 1055 1005 1121 πολλοὶ
1031 1055 1065 1120 δὲ
1091 1055 1205 1140 λυγρά.
1234 1057 1276 1142 (ὃ.
1293 1059 1381 1141 230).

328 1173 444 1236 Eadem
468 1172 570 1235 omnia
593 1170 693 1235 valent
716 1172 753 1235 de
779 1171 1016 1236 Scholiastarum
1035 1171 1148 1256 lingua,
1173 1194 1249 1256 quae
1271 1195 1411 1238 nonnun-

284 1311 374 1372 quam
398 1287 540 1351 vitiosam
564 1285 657 1349 medii
680 1287 746 1350 aevi
770 1291 951 1364 συνήθειαν
976 1287 1077 1364 refert,
1101 1286 1354 1371 quemadmodum
1373 1290 1412 1354 ad

287 1401 315 1464 λ.
348 1405 411 1465 579
435 1401 548 1486 legitur
573 1401 782 1488 interpretatio
805 1423 869 1465 voc.
895 1398 1030 1484 δέρτρον
1054 1401 1102 1464 his
1126 1401 1226 1466 verbis
1249 1409 1408 1489 concepta:

286 1517 363 1598 ὅπερ
395 1523 415 1596 ἡ
448 1512 553 1595 πολλὴ
584 1513 714 1592 γλῶσσα
747 1511 935 1595 φλάμονλον
961 1505 1028 1577 οἶδε
1054 1510 1167 1578 καλεῖν
1193 1511 1237 1601 (p.
1264 1520 1338 1594 522,
1363 1513 1409 1604 4).

287 1629 468 1715 Saepissime
500 1634 605 1692 contra
635 1629 748 1714 optime
780 1627 892 1692 Graece
922 1627 1088 1712 loquuntur
1116 1627 1302 1705 scholiastae,
1326 1651 1411 1716 prae-

286 1742 390 1806 sertim
413 1744 447 1806 in
471 1741 660 1827 longioribus
684 1746 749 1806 τῶν
776 1741 919 1805 λοτικῶν
945 1748 976 1806 et
999 1741 1201 1805 ἐνοτατικῶν
1223 1743 1409 1826 fragmentis,

284 1879 339 1920 nec
368 1858 433 1920 sine
465 1860 604 1920 aflectata
634 1857 826 1942 elegantioris
858 1856 1017 1921 Atticismi
1050 1855 1260 1932 ostentatione,
1292 1877 1350 1939 qua
1380 1879 1412 1921 re

284 1971 421 2054 neglecta
450 1971 542 2036 initio
565 1971 598 2034 in
621 1992 750 2035 errorem
775 1993 842 2034 sum
866 1971 1021 2048 inductus,
1045 1970 1297 2055 quemadmodum
1320 1972 1411 2036 etiam

283 2083 491 2148 Buttmannus
524 2106 559 2149 eo
591 2086 683 2149 semel
707 2085 808 2149 ethis
832 2086 953 2164 erravit,
979 2089 1116 2150 σεαυτὸν
1142 2109 1196 2173 pro
1219 2089 1338 2151 ἑαυτὸν
1363 2088 1411 2152 in-

284 2199 417 2275 ferendo,
448 2199 530 2283 qnod
563 2221 644 2262 more
679 2199 853 2264 recentioris
883 2199 1041 2264 Atticismi
1072 2199 1116 2264 ita
1146 2201 1278 2286 positum
1301 2208 1347 2265 est
1372 2202 1409 2288 ¹).
1488 2187 1491 2194 ‚

285 2311 355 2396 Ipse
375 2311 470 2375 erravi
490 2312 523 2375 in
544 2311 658 2376 scholio
680 2313 717 2376 ad
737 2337 770 2374 α.
787 2317 860 2376 161.
884 2313 1012 2383 Quaerit
1023 2313 1220 2378 Telemachus
1232 2337 1269 2378 ex
1279 2315 1410 2392 Athena,

286 2423 409 2488 Mentae
441 2426 538 2488 forma
561 2425 678 2502 induta,
704 2425 813 2510 ecquid
836 2426 874 2490 de
897 2426 991 2512 patris
1015 2426 1116 2492 reditu
1137 2426 1228 2492 tando
1255 2428 1410 2512 acceperit,

422 2537 539 2621 ἀνέρος
565 2524 603 2602 οὗ
628 2537 735 2619 δήπου
760 2537 847 2603 λεύκ’
875 2538 972 2604 ὀστέα
997 2546 1141 2604 πύθεται
1165 2541 1287 2625 ὄμβρῳ,

286 2652 324 2714 ad
345 2674 436 2736 quem
458 2652 558 2716 locum
582 2653 743 2717 scholiasta
766 2653 826 2717 ita:
852 2651 1095 2736 προληπτικῶς,
1121 2655 1178 2716 ἵνα
1198 2656 1239 2732 μὴ
1261 2676 1411 2735 παραμο-

289 2767 447 2845 &capsace
472 2764 572 2829 adadu
597 2770 615 2829 ὁ
638 2764 731 2839 ξένος
755 2765 965 2840 πολλάκις
990 2769 1161 2850 ψεύσηται.
1185 2763 1332 2849 ,,στι’ργιι
1346 2769 1407 2848 γάρ

287 2877 391 2951 οὐδεὶς
414 2877 560 2956 ἄγγελον
587 2884 697 2942 κακῶν
723 2877 847 2944 ἐπῶν.”
874 2879 1051 2968 (Antigone,
1076 2901 1121 2942 ve.
1140 2881 1228 2964 277).
1253 2879 1410 2944 Sententia

285 2993 358 3056 haec
380 2998 442 3057 est:
467 2993 531 3080 ipse
555 2995 752 3060 Telemachus
777 2995 880 3059 statim
901 2995 985 3071 dicit,
1007 2991 1153 3079 suspicari
1173 3015 1204 3057 se
1223 2999 1338 3078 patrem
1348 3015 1409 3058 non

285 3107 415 3192 amplius
446 3107 479 3170 in
509 3108 588 3171 vivis
621 3131 695 3184 esse,
726 3109 865 3172 neforto
889 3109 995 3194 hospes
1019 3107 1410 3184 falsoreferateumesse

286 3221 488 3304 superstitem,
521 3244 557 3286 eo
587 3221 731 3286 videlicet
755 3222 865 3298 animo,
889 3244 928 3285 ne
951 3244 1020 3286 eum
1045 3219 1284 3310 (Telemachum)
1309 3221 1410 3285 dolore

287 3333 404 3397 afficiat.
436 3335 495 3398 Sed
516 3334 687 3399 offendebar
709 3335 762 3399 illo
785 3332 954 3408 πολλάκις.
983 3336 1066 3406 Quid
1089 3337 1171 3400 enim
1194 3343 1255 3400 est:
1280 3358 1318 3400 ne
1340 3335 1409 3398 hos-

286 3469 337 3530 pes
369 3470 486 3533 saepe
517 3447 589 3512 falsa
620 3448 767 3512 nunciet?
798 3448 840 3512 Et
871 3449 932 3512 iam
964 3455 1033 3514 ante
1062 3471 1110 3512 me
1142 3451 1271 3513 offensus
1295 3455 1341 3511 est
1363 3448 1410 3512 vir

286 3561 410 3644 quidam
434 3562 551 3640 doctus,
576 3563 629 3647 qui
654 3560 810 3642 κολακείᾳ
835 3561 1007 3647 reponebat.
1032 3563 1102 3649 Ipse
1126 3560 1262 3626 volebam
1286 3558 1410 3624 πεπλα-

289 3675 364 3753 κὼς,
398 3682 435 3739 ut
466 3684 560 3740 esset:
593 3677 651 3740 ἵνα
681 3681 722 3756 μὴ
752 3681 1048 3759 παραμυθούμενος
1073 3674 1173 3738 αὐτὸν
1198 3678 1216 3737 ό
1238 3672 1331 3747 ξένος
1355 3700 1410 3738 πι-

293 3786 427 3861 πλακὼς
449 3784 622 3872 medopam.
648 3791 708 3854 Sed
732 3812 796 3853 sero
815 3789 960 3864 intellexi,
980 3787 1079 3852 locum
1098 3808 1162 3850 esse
1173 3787 1409 3871 integerrimum,

291 3910 322 3966 et
355 3900 513 3977 πολλάκις
544 3902 619 3967 illud
651 3925 733 3968 more
763 3902 968 3987 exquisitioris
991 3901 1156 3978 Atticismi,
1181 3899 1319 3987 inprimis
1342 3901 1410 3964 Pla·

290 4016 355 4079 toni
381 4016 569 4100 frequentato
594 4016 620 4099 ²)
644 4016 776 4103 positum
799 4039 863 4080 csse
887 4038 940 4101 pro
964 4016 1050 4093 ἰ’σιος,
1077 4017 1218 4092 εἰκότως,
1243 4014 1411 4080 utiterum

324 4328 344 4388 ¹)
362 4329 395 4376 V.
414 4346 435 4380 c.
453 4345 477 4394 p.
496 4330 553 4388 482,
572 4330 612 4378 22.
633 4327 701 4395 ὑπὲρ
720 4329 823 4378 τούτοιν
841 4327 886 4384 οὓς
906 4325 1022 4376 ὄπισθεν
1040 4323 1165 4373 ἑαυτοῦ
1181 4322 1324 4380 κατέλιπες
1334 4321 1412 4388 οἶκοι,

288 4422 311 4468 et
327 4435 352 4484 p.
370 4419 428 4479 666,
447 4421 488 4468 14.

322 4508 341 4571 ²)
363 4510 499 4560 Adscribam
522 4527 550 4560 ex
572 4510 693 4576 permultis
715 4511 819 4561 Platonis
836 4511 893 4560 locis
910 4511 952 4560 hos
969 4509 1040 4559 duos:
1059 4509 1145 4560 Critias
1163 4525 1187 4574 p.
1207 4509 1255 4558 lla
1272 4510 1315 4560 ins.
1333 4513 1366 4559 τὸ
1385 4509 1413 4558 δ’

292 4599 336 4650 ὶ“τι
355 4602 449 4668 βραχύ
467 4601 519 4668 πρὸ
539 4603 586 4650 τοῦ
605 4602 685 4664 λόγου
704 4602 750 4652 δεῖ
767 4601 896 4667 δηλῶσαι,
913 4603 950 4665 μὴ
969 4599 1096 4657 πολλάκις
1112 4599 1413 4667 άκοάοκτιςἛλληκικά
