3454 5330
821 614 884 675 103

283 803 347 864 τόν
372 803 507 885 ἄρρενα,
534 800 589 862 καί
614 797 760 883 οἷπέλαβε
785 801 845 877 τὴν
873 796 962 862 ἰδίαν
987 802 1096 879 φύσιν·
1121 802 1238 863 τοῦτον
1259 803 1341 874 Ζεός
1361 803 1416 864 καί

282 915 383 998 Ἥρα
414 921 527 999 κριτὴν
561 911 701 993 είλοντο,
734 915 784 988 τίς
821 911 947 994 μᾶλλον
983 911 1095 992 ἥδεται
1120 919 1160 996 τῇ
1183 916 1354 996 συνουσίᾳ,
1379 919 1416 979 τό

281 1031 388 1112 ἄρρεν
412 1034 434 1110 ἤ
456 1030 492 1092 τό
512 1026 611 1108 θῆλυ·
636 1030 655 1090 ό
679 1025 713 1090 δέ
739 1019 828 1092 εἶπεν
855 1026 949 1110 ,,οίην
973 1027 1033 1107 μέν
1051 1033 1170 1110 μοῖραν
1192 1025 1273 1091 δέκα
1291 1031 1414 1112 μοιρῶν

283 1142 443 1224 τέρπεται
467 1142 563 1226 ἀνὴρ,
586 1143 644 1214 τοὶς
666 1139 745 1204 δέκα
768 1140 798 1204 δ’
811 1138 988 1223 ἐμπίπλησι
1002 1144 1085 1221 γυνὴ
1098 1139 1261 1225 τέρπουσα
1275 1143 1415 1225 νόημα.”
1527 1155 1530 1158 ’

286 1256 455 1343 (,‚Hcsicdi
478 1279 515 1321 cx
537 1255 878 1346 Melampodierersns
896 1261 934 1318 ul
953 1255 1110 1321 annocavir
1129 1256 1285 1321 Tnctzes”
1305 1256 1417 1346 Dind.)

205 1454 209 1462 ,
284 1371 402 1454 διόπερ
433 1377 454 1451 ἡ
482 1372 542 1452 μέν
574 1369 667 1452 Ἥρα
699 1368 891 1452 ὀργισθεῖσα
923 1369 1099 1451 ἐπήρωσεν,
1133 1373 1152 1432 ό
1183 1368 1218 1432 δὲ
1249 1372 1331 1443 Ζεδς
1355 1375 1415 1451 τὴν

226 1461 228 1464 ’
284 1485 451 1567 μαντείαν
480 1482 642 1567 rentem.
678 1483 824 1547 σπείσῃ
847 1484 908 1548 fere
935 1484 1104 1568 τριρεμε
1128 1483 1220 1549 etiam
1242 1485 1276 1549 ιε
1299 1486 1364 1550 σοι.
1390 1487 1416 1550 r

287 1599 425 1664 scholion
447 1603 502 1675 est,
526 1597 579 1662 sod
600 1601 664 1660 lam
686 1595 763 1661 male
790 1595 938 1674 habitum,
971 1603 1007 1661 ut
1037 1597 1214 1663 Dindorfius
1236 1599 1270 1662 in
1293 1606 1418 1666 annote-

287 1715 374 1780 tione
405 1712 533 1781 dixerit:
572 1710 779 1796 „corruptum
812 1711 924 1776 codicis
956 1711 982 1774 Τ
1014 1712 1148 1777 scholion
1180 1737 1216 1779 cx
1248 1714 1418 1800 Pherecydc

288 1837 464 1917 excerptum
493 1825 632 1892 dabimus
662 1826 695 1890 in
728 1825 933 1911 Appendice.''
958 1827 1086 1912 Legitur
1108 1826 1153 1892 ihi
1176 1851 1204 1914 p.
1241 1830 1321 1893 782:
1347 1829 1418 1911 „Ad

289 1966 412 2010 versum
435 1946 509 2007 493.
534 1941 572 2006 Τ.
586 1964 615 2026 p.
631 1944 705 2004 189.
731 1935 848 2002 diaco:
873 1937 1009 2021 τυφλοῦ,
1035 1942 1124 2023 παρὰ
1148 1941 1184 2004 τό
1207 1939 1294 2007 ἀλᾶν
1318 1945 1335 2024 ἢ
1362 1940 1419 2006 λά-

291 2082 354 2136 ειν,
381 2057 399 2120 ό
430 2057 497 2120 ἔστι
529 2055 564 2118 τό
596 2051 744 2140 βλέπειν.
777 2059 972 2137 πηρωθῆναι
1003 2052 1033 2118 δ’
1070 2053 1171 2120 αὐτόν
1206 2056 1294 2144 (adde
1325 2056 1418 2146 φησι)

292 2168 477 2255 Φερεκύδης
502 2168 616 2233 ἰδόντα
640 2172 701 2248 τὴν
727 2167 890 2250 Ἀθηνᾶν
917 2167 1097 2254 λουομένην
1122 2172 1157 2234 ἐν
1178 2176 1225 2253 τῷ,
1246 2169 1417 2253 παρθένον

290 2286 502 2370 ὑπάρχουσαν
536 2285 590 2346 καί
623 2287 840 2366 κορευθεῒσαν
871 2282 934 2345 ὑπὸ
970 2282 1180 2358 ’Λπόλλωνος
1218 2289 1262 2360 είς
1294 2291 1330 2351 τό
1363 2290 1417 2350 καί

293 2406 389 2463 εσθαι
417 2397 549 2479 μέλλειν
581 2397 643 2460 ὑπό
676 2395 805 2479 Εὐήρου
838 2399 893 2460 τοῦ
924 2399 1046 2482 πατρός
1079 2401 1122 2471 εἷς
1145 2398 1252 2484 ἄνδρα
1277 2403 1417 2484 μεταβα-

295 2512 414 2579 λέσθαι
448 2537 558 2598 γνωμῃ
584 2513 639 2576 τοῦ
665 2512 743 2575 θεοῦ
768 2513 823 2573 καί
847 2512 950 2592 μίαν
976 2516 1051 2592 τὴν
1083 2512 1239 2590 γενέσθαι
1267 2513 1338 2601 (sic)
1364 2519 1418 2578 καί

292 2633 373 2710 μετὰ
397 2630 502 2692 ταῦτα
525 2627 640 2710 Ἥραν
665 2625 818 2709 ἐρίσασαν
842 2627 922 2705 μετὰ
953 2629 1031 2701 Διὸς
1064 2629 1133 2690 καί
1158 2631 1230 2712 περί
1261 2635 1317 2710 τῆς
1341 2628 1419 2711 ἦδο-

295 2750 351 2824 νῆς
382 2749 460 2826 παρ’
493 2739 638 2824 ὁποτέρῳ
670 2743 706 2803 τὸ
737 2735 850 2802 πλεῖόν
885 2740 951 2802 ἐστι
985 2745 1157 2824 Τειρεσιαν
1192 2741 1335 2825 ἐρέσθαι.
1361 2746 1417 2808 τόν

294 2856 329 2921 δέ
354 2859 457 2921 εἰπεῖν
480 2857 531 2920 ότι
556 2853 681 2935 μᾶλλον
708 2851 819 2933 ἣδεται
853 2857 949 2933 γυνὴ.
977 2851 1027 2918 διὸ
1052 2856 1108 2916 καί
1135 2861 1331 2939 πηρωθῆναι
1356 2857 1418 2920 όπό
1486 2893 1487 2898 1

294 2972 418 3055 Ἥρας,
443 2972 461 3032 ό
486 2968 519 3034 δέ
545 2971 627 3042 Ζεός
660 2966 810 3051 δωρεῖται
844 2971 904 3048 τὴν
936 2969 1110 3050 μαντείαν.
1145 2969 1288 3035 Scholion
1315 2971 1420 3034 locis

294 3085 483 3172 pluribus
514 3079 747 3169 corruptum
769 3089 808 3148 ct
839 3083 1057 3162 defectum,
1082 3090 1118 3148 nl
1140 3083 1188 3149 vel
1211 3108 1248 3149 ex
1270 3083 1331 3149 illis
1353 3107 1419 3149 ver-

295 3199 342 3265 bis
365 3203 487 3284 apparel
506 3194 677 3281 παρθένον
690 3195 902 3280 ὑπάρχουσαν
917 3199 972 3260 καί
988 3203 1202 3280 κορευδεῖσαν
1214 3198 1276 3260 ὑπὸ
1290 3195 1420 3260 Ἀπόλ-

296 3312 409 3392 λωνος,
442 3333 518 3396 qnae
547 3332 629 3375 nnnc
650 3303 694 3374 ica
720 3310 863 3376 collocala
894 3319 965 3376 sunt
995 3318 1031 3374 nt
1062 3312 1100 3374 ad
1123 3312 1291 3394 Ἀθηνᾶν
1316 3312 1419 3376 referri

295 3426 463 3500 videantur,
494 3424 576 3508 quod
606 3422 769 3488 absurdum
802 3430 856 3490 cst.
889 3425 964 3490 Post
995 3427 1029 3491 ἐν
1060 3431 1105 3509 τῷ
1137 3427 1224 3490 fluvii
1255 3449 1364 3490 nomen
1389 3432 1420 3490 ot

295 3539 353 3603 alia
375 3539 462 3624 plura
483 3536 629 3601 excidisse
651 3535 801 3600 videntur.
833 3536 924 3600 Nihil
946 3538 1022 3602 lucis
1047 3542 1132 3602 affert
1153 3538 1329 3624 Apollodori
1351 3560 1420 3602 nar-

297 3651 384 3728 ratio,
408 3650 480 3714 licet
502 3650 567 3736 ipsa
590 3670 708 3734 quoquc
730 3670 767 3712 ex
790 3649 895 3713 codem
925 3650 1106 3735 Pherecydis
1129 3651 1194 3715 loco
1218 3651 1347 3716 παλαί’
1371 3652 1421 3716 Ita

295 3765 481 3832 Dindorfi'us
514 3764 556 3827 Er
586 3770 726 3850 corrupta
755 3763 827 3828 hacc
859 3763 983 3849 quidem
1013 3768 1093 3842 sunt,
1130 3765 1182 3828 sed
1212 3764 1256 3828 sic
1289 3770 1325 3828 ul
1359 3765 1421 3828 sint

297 3889 407 3942 πάντα
427 3878 468 3939 τὰ
484 3877 654 3958 τραυματα
677 3878 799 3956 ἰάσιμα.
821 3875 988 3942 Videamus
1007 3877 1148 3963 primurn,
1162 3876 1273 3961 quibus
1286 3876 1319 3941 in
1331 3876 1419 3942 robus

295 3992 369 4056 haec
391 3989 570 4054 conveniant
585 4012 664 4054 oum
687 3988 800 4055 scholio
823 4013 860 4055 ex
886 3988 951 4060 HQ
972 3996 1003 4054 cl
1022 3987 1132 4073 quibus
1150 3991 1183 4054 in
1202 3991 1290 4055 rebus
1310 3991 1421 4054 discre-

296 4110 377 4192 pent.
408 4104 521 4168 Omnes
552 4105 745 4170 consentiunt
773 4105 807 4169 in
829 4128 874 4183 co,
907 4104 1054 4168 Tiresiam
1082 4109 1113 4167 el
1140 4125 1251 4168 marem
1273 4103 1367 4168 fuisso
1390 4111 1421 4167 et

296 4218 448 4294 feminam,
487 4238 616 4299 cumque
651 4216 746 4281 oculis
785 4225 905 4304 captum
937 4218 1015 4282 dono
1055 4216 1201 4302 accepisse
1236 4216 1421 4280 vaticinandi
1468 4229 1470 4234 ’

297 4338 401 4396 artem.
433 4329 493 4394 Sed
523 4352 577 4394 cur
607 4338 776 4413 occaecatus
807 4333 909 4409 fucrit,
943 4337 1086 4415 olquam
1110 4330 1148 4394 ob
1172 4329 1420 4394 causemvclici-

298 4443 389 4507 nandi
420 4449 514 4508 artem
545 4445 692 4529 acceperit
719 4451 750 4508 cl
780 4445 930 4530 quomodo
961 4467 997 4507 ex
1025 4443 1090 4507 viro
1121 4441 1232 4508 femina
1261 4443 1358 4506 factus
1383 4444 1424 4507 sil

299 4578 461 4645 rursusque
483 4556 601 4624 virilem
624 4559 749 4624 formam
780 4558 1007 4646 recuperaverit,
1038 4579 1073 4622 ca
1103 4557 1140 4621 de
1160 4578 1191 4622 rc
1210 4557 1422 4645 mythogrophi
