3442 5330
791 661 832 725 15

251 852 301 916 Ad
333 877 355 913 ι.
387 854 461 929 198,
494 851 532 914 ad
562 875 592 913 κ.
620 853 692 914 510.
725 850 791 934 (sed
821 849 892 913 nolo
922 850 960 914 de
990 849 1048 914 hoc
1071 849 1185 915 scholio
1209 849 1374 934 quidquam

251 966 362 1030 certius
382 967 551 1050 affirmare).
572 1003 617 1012 -
641 963 807 1028 Aristonici
831 985 895 1026 esse
918 963 1096 1028 crediderim
1115 963 1206 1027 etiam
1226 985 1302 1046 quae
1322 962 1376 1026 ob-

252 1088 410 1145 servantur
436 1079 474 1143 ad
497 1104 527 1142 κ.
555 1083 628 1142 124.
654 1076 753 1158 δῆλον
779 1075 810 1138 δ’
836 1078 871 1138 ἐκ
897 1081 1014 1141 τοιίτοο
1037 1083 1086 1144 ὅτι
1107 1075 1227 1160 ᾔδεσαν
1250 1078 1374 1160 ι’χθιίων

252 1199 386 1277 τροφήν.
412 1193 462 1257 Ad
484 1219 518 1274 μ.
546 1197 574 1256 2.
600 1190 644 1253 δι’
668 1189 747 1254 ὃλοο
772 1188 944 1253 θάλασσαν
971 1189 1035 1252 άπὸ
1060 1189 1206 1254 ὠκεανοῦ
1227 1187 1375 1252 διαστέλ-

253 1306 301 1370 λει
332 1310 349 1370 ό
380 1311 530 1388 ποιητής,
563 1306 615 1368 cfr.
639 1304 757 1382 Lehrs.,
782 1327 811 1390 p.
837 1306 911 1368 174.
935 1304 1052 1367 —Ad
1076 1329 1107 1370 ν.
1131 1308 1190 1381 90;
1215 1303 1253 1368 ad
1276 1329 1305 1366 τ.
1334 1307 1375 1367 28

253 1421 291 1484 ed
313 1443 394 1485 voco.
422 1421 564 1504 χοίνικος
588 1419 750 1502 ἅπτηται]
775 1456 792 1464 -
813 1455 831 1468 -
854 1416 944 1490 ἅπαξ
969 1416 1119 1480 ἐνταῦθα
1141 1423 1161 1497 ἡ
1180 1423 1281 1498 φωνή.
1305 1419 1374 1481 καί

254 1531 392 1595 ottae
418 1535 541 1596 τοῦτο
567 1528 802 1616 χωριστέον
828 1537 898 1610 τῆς
924 1528 1114 1604 Ἰλιάδος
1140 1535 1214 1610 τὴν
1241 1530 1377 1596 Ὀδιίσ-

254 1668 387 1710 σειαν·
414 1645 508 1708 κάκεῖ
531 1648 591 1728 γὰρ
617 1647 677 1708 είσι
701 1641 795 1706 τοῦδε
821 1641 1029 1726 εὐτελέστερα
1055 1642 1214 1725 ὀνόματα,
1236 1649 1293 1708 etc.
1315 1645 1378 1730 pla-

252 1759 377 1823 nissime
398 1765 435 1822 ut
457 1759 496 1822 ad
518 1757 606 1822 Hiad.
631 1762 673 1819 A.
701 1758 777 1834 147,
800 1793 845 1802 —
867 1762 903 1819 ut
925 1757 1017 1820 etiam
1040 1757 1216 1822 Dindorfius
1236 1758 1269 1821 in
1285 1779 1378 1821 anno-

253 1873 368 1937 tatione
398 1875 511 1948 monet,
535 1907 580 1917 —-
603 1869 656 1934 ubi
681 1869 719 1932 ad
741 1867 842 1950 ὅλμον
869 1867 899 1931 δ’
924 1869 966 1942 ὣς
990 1869 1063 1933 haec
1085 1869 1229 1934 habemus
1251 1893 1289 1934 ex
1312 1871 1377 1935 cod.
1493 1929 1497 1940 .

253 1987 290 2049 A.
321 1992 342 2066 ’i
375 1983 504 2064 διπλῆ
538 1982 556 2045 δ
567 1986 599 2060 d,
633 1988 683 2049 ὅτι
715 1981 806 2056 ἅπαξ
832 1983 979 2046 ἐνταῦθα
1006 1981 1160 2067 κέχρηται
1187 1987 1241 2046 καὶ
1266 1984 1317 2047 ὅτι
1343 1987 1377 2049 ἐν

254 2096 377 2161 Ἰλιάδι
395 2094 537 2160 εὐτελέσι
551 2095 706 2180 κέχρηται
727 2093 894 2173 λεξιδίοις,
918 2095 954 2158 οὐ
971 2101 1072 2177 μόνον
1087 2097 1122 2161 ἐν
1136 2096 1322 2178 ’θδοσσείριΙ
1335 2137 1381 2149 -

254 2212 354 2293 πρὸς
378 2211 475 2283 τούς
500 2207 778 2294 χωρίζοντας.
805 2209 912 2273 Finem
934 2210 1042 2274 faciam
1066 2210 1100 2275 in
1122 2211 1283 2276 indicanda
1307 2220 1380 2276 nota

255 2324 292 2387 nd
317 2349 346 2407 χ.
373 2328 424 2387 20.
458 2321 644 2405 σημειῶδες·
680 2322 730 2386 otei
756 2323 816 2405 γάρ
843 2327 878 2385 τὸ
903 2322 1038 2408 βάλλειν
1069 2331 1147 2408 παρ’
1172 2327 1299 2410 Ὁμήρῳ
1325 2327 1378 2388 int

255 2440 311 2499 τοῦ
329 2444 461 2522 τυχεῖν,
487 2459 577 2521 quam
600 2435 821 2500 Aristoniceam
845 2459 919 2515 esse,
943 2444 1027 2524 patet
1049 2461 1086 2504 ex
1109 2438 1231 2503 scholiis
1254 2441 1287 2504 in
1306 2440 1379 2504 Hia-

255 2550 333 2628 dem,
368 2551 402 2614 in
432 2550 542 2633 quibus
572 2572 607 2613 ea
638 2549 809 2614 observatio
841 2550 952 2615 centies
983 2552 1120 2616 recurrit.
1154 2552 1229 2636 (Ofr.
1262 2553 1379 2629 lehre,

256 2663 348 2727 Arist.
373 2687 402 2750 p.
432 2667 498 2750 60).

299 2777 435 2842 Tandem
458 2777 618 2859 recensebo
641 2777 723 2841 locos
744 2776 811 2840 illos
831 2777 1036 2864 paucissimos,
1056 2779 1090 2841 in
1102 2779 1212 2861 quibus
1224 2777 1380 2863 signorum

255 2891 421 2955 Aristarchi
453 2891 627 2955 criticorum
659 2891 770 2954 diserte
794 2891 908 2955 mentio
931 2893 975 2954 fit.
1007 2891 1057 2954 Ad
1082 2916 1114 2954 α.
1142 2895 1193 2955 99.
1219 2891 1322 2956 είλετο
1348 2891 1378 2954 δ’

255 3000 394 3084 ἄλκιμον
426 3002 536 3088 ἔγχος]
571 3003 843 3067 decrederat
875 3007 978 3085 μετά
1010 3004 1290 3089 οἷστερίσκων,
1325 3011 1378 3073 ὅτι

258 3116 292 3178 ἐν
323 3125 363 3198 τῇ
393 3114 417 3179 ε’
446 3123 501 3196 τῆς
534 3115 681 3189 Ἰλιάδος
706 3115 825 3189 καλῶς.
851 3118 967 3181 Iterum
992 3117 1174 3202 deceptorios
1199 3143 1381 3185 commemo·

258 3236 370 3308 rantur,
402 3231 455 3294 sed
484 3253 566 3296 nunc
597 3232 633 3296 ab
664 3231 867 3318 Aristophane
894 3232 1006 3318 appicti
1030 3234 1067 3297 cd
1091 3258 1122 3309 y.
1151 3236 1201 3297 71.
1226 3225 1250 3296 ὦ
1274 3234 1376 3308 ξεῖνοι

258 3344 343 3416 τίνες
375 3342 460 3428 ε’στέ]
496 3346 570 3417 τοδς
601 3351 671 3425 μετ’
703 3344 803 3408 αὐτὸν
829 3351 914 3428 τρεῖς
939 3345 1068 3430 στίχους
1093 3349 1191 3428 ὁμέν
1217 3349 1377 3429 Ἀριστο-

258 3461 361 3539 φάνης
394 3457 514 3522 ἐνθάδε
547 3446 744 3539 σημειοῦται
768 3465 836 3531 τοῖς
859 3458 1073 3543 οἷστερίσκοις,
1098 3461 1150 3523 ὅτε
1175 3459 1210 3522 δέ
1234 3461 1297 3523 ὑπὸ
1322 3467 1377 3523 τοῦ

258 3569 604 3649 Κιίκλωποςλίγονται
626 3571 970 3657 καίδβελίσκοος
992 3573 1377 3655 τοῖςάστερίσκοις

259 3707 368 3768 παρα
378 3685 578 3764 τίθησιν,
601 3687 643 3760 ὡς
664 3683 821 3750 ἐντεῦθεν
841 3685 1125 3768 μετενηνεγμένων
1139 3691 1205 3750 τῶν
1218 3688 1336 3771 στίχων
1353 3690 1378 3772 ¹)

258 3803 313 3860 etc.
345 3799 425 3862 Item
455 3799 493 3862 ad
525 3823 556 3862 ν.
584 3801 769 3862 398-401.
798 3798 1066 3864 αθετοῦντοιι
1089 3802 1191 3881 μετά
1215 3799 1380 3883 οἷστερί·

259 3930 377 3989 σκων,
402 3913 445 3985 ὥς
471 3913 505 3973 ἐκ
531 3915 596 3975 τῶν
619 3910 691 3991 ἑξῆς
707 3911 990 3995 μετενηνεγμένον.
1013 3912 1055 3975 Et
1074 3913 1112 3977 ad
1131 3910 1161 3984 ξ.
1177 3915 1250 3974 188.
1263 3913 1376 3994 όποίης

258 4020 288 4083 δ’
308 4025 360 4087 ἐπί
382 4028 458 4108 νηὸς
479 4025 610 4110 οἷφίκεο]
633 4025 834 4111 οἰστερίσκ
845 4051 887 4100 ος
907 4031 1095 4111 πρόσκειται
1109 4029 1185 4110 ἄχρι
1199 4027 1317 4110 στίχων
1331 4023 1375 4103 y‘,

257 4139 305 4198 ὅτι
338 4143 397 4203 νῦν
429 4140 472 4212 ὡς
505 4141 582 4224 πρὸς
612 4143 744 4224 ῥάκεσιν
768 4141 986 4224 ἠμφιεσμένον
1011 4141 1119 4226 ὀρθῶς
1143 4137 1310 4216 λέγονται·
1336 4141 1379 4213 ὥς
1415 4175 1420 4186 ·

292 4425 310 4484 1)
332 4426 444 4476 consulto
466 4427 619 4492 praetermisi,
643 4443 701 4491 quse
723 4428 751 4478 de
773 4429 818 4478 hoc
840 4427 927 4478 scholio
948 4427 973 4476 in
996 4426 1071 4477 varies
1088 4427 1164 4489 parts
1181 4422 1299 4490 disputata
1315 4429 1380 4487 sunt,

260 4515 390 4566 Nauckium
404 4517 474 4575 inter,
491 4518 621 4584 (Aristoph.
640 4519 699 4584 Byr.
720 4520 817 4585 Frcgm.
834 4537 859 4584 p.
878 4522 918 4580 17)
936 4520 976 4582 qui
992 4517 1152 4568 assentientem
1169 4515 1213 4564 sibi
1231 4517 1300 4568 hebet
1321 4521 1378 4570 Sen-

259 4605 374 4670 genhmch
391 4611 476 4674 (Hom.
493 4611 554 4660 Diss.
573 4609 596 4671 1,
613 4627 638 4676 p.
658 4612 707 4672 51),
727 4613 750 4660 et
767 4613 896 4669 Oscorum,
915 4610 1000 4660 Anecd.
1019 4611 1088 4658 Rom.
1105 4621 1130 4672 p·
1150 4608 1189 4662 78.
