3454 5330
773 644 815 709 83

225 833 305 898 Nam
340 856 394 898 cnr
424 832 547 898 tandem
579 832 653 896 haec
682 832 881 898 usitatissima
910 831 1001 898 verba
1032 830 1066 895 δὲ
1099 834 1153 894 καί
1187 832 1230 896 111
1253 837 1353 896 essent

223 946 372 1033 discerpta
402 949 439 1010 ut
470 947 539 1024 καί,
574 945 656 1029 qnod
686 953 756 1033 post
787 944 822 1008 δὲ
855 946 1028 1033 ponendum
1059 952 1134 1023 erat,
1162 951 1232 1010 ante
1255 928 1354 1025 Ἀρί-

224 1082 360 1144 σταρχος
384 1059 594 1136 retraheretur,
619 1057 654 1121 δὲ
680 1081 697 1122 1
720 1081 775 1123 111
797 1059 865 1124 1111
887 1066 957 1125 ante
981 1061 1036 1122 καί
1056 1065 1125 1146 post
1144 1056 1351 1142 Ἡρωδιανὸς

224 1173 439 1238 collocaretur?
463 1173 538 1238 Non
561 1172 605 1236 ita
626 1170 702 1237 vitia
724 1173 756 1235 in
776 1173 862 1237 codd.
882 1173 1031 1239 oriuntur.
1044 1173 1150 1238 Potius
1163 1171 1350 1258 scripserim:

223 1284 431 1367 Πτολεμαῖος
462 1289 480 1350 ὸ
512 1289 568 1349 τοῦ
602 1283 784 1369 Ὀροάνδου
810 1288 884 1371 χείω
907 1293 1036 1372 γράφει,
1063 1285 1144 1376 (ὡς)
1169 1288 1224 1349 καὶ
1250 1286 1352 1369 Ἀρί-

225 1421 373 1485 σταρχος,
406 1397 613 1484 Ἡρωδιανὸς
647 1397 681 1462 δὲ
716 1403 807 1483 persor.
842 1400 1000 1467 consentit
1031 1400 1154 1484 quidem
1177 1401 1352 1487 plerumque

227 1511 419 1577 Herodianus
441 1534 510 1576 cum
534 1533 643 1596 magno
667 1513 812 1598 magistro
835 1537 890 1578 suo
909 1515 1095 1592 Aristarcho,
1117 1521 1149 1578 at
1168 1517 1239 1579 sunt
1251 1520 1353 1577 tamen

226 1625 283 1690 loci
307 1625 362 1690 nbi
385 1625 554 1703 dissentiat.
578 1625 630 1690 Sic
652 1650 684 1703 γ.
713 1629 764 1690 10.
790 1627 1011 1711 Ἀρίσταρχος
1036 1633 1195 1704 κὸιταγυν·
1215 1631 1354 1690 ——o‘

228 1734 261 1800 δὲ
294 1736 501 1822 Ἡρωδιανὸς
535 1743 733 1816 κατάγοντο,
768 1746 799 1804 11
823 1765 847 1803 ει
875 1744 937 1804 281
962 1740 995 1805 in
1016 1740 1083 1804 loco
1105 1740 1282 1805 difficillimo
1306 1739 1353 1802 di-

227 1857 304 1916 serte
326 1851 518 1917 observatur:
547 1851 593 1914 οὐ
616 1850 766 1934 μέντοι
791 1851 1057 1936 Ἡρωδιανὸς
1081 1852 1352 1937 Ἀριστάρχῳ

228 1966 617 2042 συγκατατίθεται.
651 1965 715 2030 011
744 1967 839 2051 igitur
872 1974 903 2030 11
933 1973 1037 2031 nostro
1066 1966 1132 2032 loco
1162 1989 1224 2032 uon
1254 1965 1355 2053 potuit

228 2077 420 2142 Herodianus
441 2100 504 2143 non
527 2100 596 2142 cnm
615 2079 758 2164 magistro
778 2080 889 2144 sentire
908 2087 938 2144 et
957 2080 1046 2146 aliam
1059 2103 1150 2164 quam
1161 2079 1354 2145 Aristarchus

228 2213 297 2254 cum
320 2190 492 2256 Ptolemaeo
511 2190 652 2256 Oroanda
676 2192 836 2257 lectionem
859 2194 1020 2280 amplecti?
1044 2194 1225 2259 Praesertim
1243 2193 1277 2256 in
1288 2191 1354 2256 loco

227 2302 282 2367 nbi
313 2303 387 2388 qnid
417 2303 541 2369 tandem
573 2305 771 2391 praetulerint
801 2307 993 2374 Aristarchus
1024 2314 1056 2372 11
1081 2307 1271 2372 Ptolemaeus
1294 2328 1354 2369 non

229 2417 290 2481 nisi
309 2439 326 2481 1
346 2417 517 2483 coniectura
535 2417 662 2483 Porsoui
682 2419 882 2485 constitutum
901 2427 948 2486 est
965 2427 997 2484 et
1015 2419 1226 2485 difficillimum
1238 2439 1353 2503 semper

231 2530 401 2596 diiudicata
428 2531 495 2596 erit.

274 2644 315 2708 nt
338 2644 382 2709 sic
404 2645 476 2710 hnic
498 2645 676 2710 mendorum
698 2644 801 2730 generi
823 2667 905 2710 nunc
926 2644 1130 2711 valedicimus.

276 2873 348 2956 §A
380 2871 579 2937 Transiturus
611 2872 649 2936 ad
678 2855 847 2950 indicanda,
879 2878 910 2936 11
931 2870 984 2935 ubi
1007 2877 1120 2958 potero,
1142 2867 1273 2936 sananda
1297 2869 1355 2935 alia

233 2983 316 3062 vitia,
348 3006 382 3049 11
404 3007 511 3071 nempe
537 3007 614 3070 quae
638 2990 704 3050 orta
726 2991 799 3048 sunt
821 2985 902 3069 quod
924 2984 1040 3050 librarii
1063 2984 1219 3050 literarum
1242 2983 1355 3048 similes

233 3095 341 3161 ductus
365 3097 575 3175 confuderunt,
600 3098 681 3181 quod
704 3097 794 3182 siglas
818 3104 871 3162 aut
893 3119 955 3162 non
977 3105 1030 3163 aut
1052 3097 1129 3164 male
1150 3097 1355 3186 expleverunt,

233 3210 313 3294 quod
343 3211 578 3296 praepositiones
610 3217 862 3295 ταχυγραφιιιὼς
886 3211 1012 3298 scriptas
1035 3211 1295 3300 perturbaverunt,
1320 3210 1358 3274 ad

232 3322 305 3386 haec
326 3323 422 3407 igitur
444 3322 606 3388 indicanda
627 3325 820 3402 transiturus,
840 3325 965 3389 initium
983 3326 1089 3390 faciam
1109 3325 1286 3411 apponendo
1306 3347 1356 3388 eos

233 3435 323 3513 locos,
346 3435 401 3500 ubi
424 3435 589 3501 scribarum
611 3437 762 3501 erroribus
785 3437 899 3502 factum
922 3446 977 3516 est,
998 3446 1034 3503 11
1053 3439 1168 3524 aliquid
1189 3439 1358 3522 111111111-

234 3554 357 3626 taretur,
389 3549 442 3634 qni
473 3549 553 3613 inter
584 3550 776 3636 conuptelas,
806 3550 843 3613 de
874 3550 984 3634 quibus
1007 3551 1039 3614 in
1063 3550 1251 3636 praecedeuti
1273 3570 1358 3634 para·

234 3661 346 3748 grapho
376 3663 504 3747 egimus,
536 3669 567 3729 et
597 3687 656 3742 eas,
688 3665 726 3729 de
755 3663 867 3748 quibus
896 3663 999 3728 statim
1020 3663 1188 3746 loquemur,
1213 3663 1357 3747 quodam-

235 3775 323 3840 modo
346 3776 480 3842 medium
502 3776 603 3842 locum
626 3785 782 3864 occupant.

280 3889 353 3954 Tale
383 3891 456 3976 qnid
487 3890 588 3956 locum
610 3891 718 3957 habere
741 3898 815 3978 puto
838 3891 876 3955 ad
900 3917 941 3986 η.Ι
955 3895 1029 3955 299.
1053 3888 1166 3953 Editur
1187 3912 1224 3954 ex
1248 3889 1285 3954 Τ.
1309 3885 1358 3950 τέ·

237 4000 310 4067 λεον
348 4006 402 4067 καί
436 4003 680 4089 μεγαλοπρεπὲς
717 4009 752 4069 τὸ
783 4000 864 4086 ἦθος
896 4010 951 4068 τοῦ
988 4002 1172 4068 Ἀλκινόου
1203 4009 1356 4065 τοσοῦτον

237 4115 356 4202 α’πέσχε
388 4122 443 4180 τοῦ
476 4117 674 4202 μέμψασθαι
703 4117 911 4204 μικροψςίχως
936 4123 995 4199 τὴν
1020 4115 1191 4201 θυγατέρα
1215 4118 1248 4179 ἐν
1275 4114 1357 4205 (mel.

238 4230 320 4313 ἐπί)
352 4238 392 4315 τῇ
423 4228 508 4295 δόσει
540 4237 605 4297 τῶν
632 4233 783 4315 ἱματίων,
809 4235 852 4306 ὡς
875 4230 1000 4314 μᾶλλον
1026 4234 1198 4295 αἰτιᾶσθαι
1223 4232 1266 4304 ὠς
1291 4226 1357 4302 ἐξέ-

238 4341 332 4408 λιπεν
365 4344 659 4429 chevetotem...
698 4350 733 4410 τὸ
768 4336 919 4430 μὴ’μετὸι
952 4344 1188 4428 θεραπαινίδος
1219 4343 1356 4420 ἀγαγεῖν

238 4460 322 4521 κατὰ
354 4461 413 4538 τὴν
445 4457 554 4522 πόλιν.
589 4459 622 4522 si
645 4480 747 4523 revera
769 4461 802 4524 in
826 4461 927 4538 codice
950 4461 1056 4524 lacuna
1078 4466 1132 4538 111,
1157 4457 1258 4522 nescio
1281 4479 1371 4541 quae¹

238 4571 329 4637 verba
357 4572 391 4637 in
426 4596 459 4637 ea
482 4573 575 4636 fuisse
598 4572 757 4657 cogitanda
780 4576 851 4652 siut,
874 4597 944 4638 nam
967 4575 1004 4638 ad
1028 4595 1147 4637 sensum
1170 4572 1247 4636 nihil
1269 4571 1358 4655 quid·
