3442 5330
870 628 911 688 22

329 814 442 878 videor.
467 811 614 896 Hesychii
639 811 729 877 verba
752 813 825 876 haec
849 817 936 876 sunt:
962 809 1144 874 ’El-itcrat:
1167 814 1321 891 μακάρων
1347 815 1452 887 νῆσος.

330 927 455 1010 εἴρηται
488 925 529 990 δὲ
565 927 607 990 ἐν
640 925 714 1008 ἰ’σῳ
744 929 805 1010 τὸ,
830 923 874 988 οὐ
900 924 1063 989 λόσιον·
1089 926 1171 988 ὃπου
1196 924 1232 986 οὐ
1257 921 1451 986 διαλύονται

330 1041 393 1104 ἀπὸ
418 1045 484 1104 τῶν
509 1044 663 1121 σωμάτων
687 1040 723 1102 αἱ
748 1040 854 1123 ψυχαί
876 1046 945 1116 eto,
972 1039 1009 1102 ad
1032 1060 1107 1122 quae
1130 1039 1203 1101 haec
1226 1036 1396 1102 observavit
1421 1036 1452 1098 in

330 1160 402 1219 nota
431 1153 565 1218 Alberti:
600 1152 765 1234 „Reiskius
796 1153 887 1237 legit:
922 1155 955 1214 ἐν
988 1151 1046 1233 ’ίσῳ
1072 1159 1129 1234 τῷ,
1158 1137 1195 1214 οὗ
1221 1150 1297 1235 (ubi)
1324 1148 1450 1225 λιίσιον,

328 1269 411 1330 ὀπον
448 1264 536 1330 ὀιαλ.
573 1270 629 1330 etc.
662 1265 722 1330 sed
752 1264 814 1329 vid.
846 1265 947 1349 Etym.
981 1265 1048 1328 Μ.”
1083 1264 1151 1347 (col.
1180 1267 1277 1340 1627,
1310 1271 1383 1327 tom.
1408 1263 1451 1350 I).

328 1381 423 1445 Recte
446 1379 616 1465 repudiavit
639 1377 759 1443 Reiskii
783 1378 994 1455 coniecturam,
1015 1400 1090 1462 quae
1110 1377 1283 1463 planissime
1305 1377 1454 1441 refutatur

328 1494 394 1557 looo
424 1492 526 1576 Etym.
559 1490 676 1576 Magni,
701 1491 782 1576 quod
805 1491 889 1577 prius
912 1491 972 1556 ita:
999 1493 1088 1574 παρὰ
1112 1495 1147 1553 τὸ
1174 1488 1273 1562 λιιτὰς
1298 1495 1451 1571 σωμάτων

330 1608 397 1670 ἐκεῖ
428 1604 539 1687 μένειν
573 1607 631 1680 τὰς
663 1608 785 1689 ψυχὰς,
818 1608 873 1669 τοῦ
907 1629 927 1666 α
959 1603 1213 1680 πλεονάζοντος
1245 1625 1325 1681 mox,
1351 1604 1453 1688 paucis

329 1720 512 1785 interiectis:
546 1747 563 1801 η
595 1721 678 1783 ὃπου
710 1719 746 1782 οὐ
781 1718 974 1785 διαλύονται
1005 1721 1041 1780 αἱ
1064 1721 1170 1802 ψυχαί
1192 1723 1258 1781 τῶν
1284 1724 1450 1799 σωμάτων.

329 1833 415 1897 Tolle
450 1832 486 1896 οὐ
516 1839 547 1896 et
577 1833 624 1898 bis
655 1833 737 1897 idem
768 1833 849 1897 dicet
878 1831 1132 1916 Etymologioum‚
1164 1831 1246 1915 quod
1273 1853 1452 1915 quamquam

329 1946 476 2032 ineptum,
501 1952 685 2010 nontamen
708 1951 771 2008 tam
794 1967 895 2009 amens
919 1951 974 2008 est.
1001 1944 1061 2008 Sed
1086 1944 1161 2009 mihi
1185 1944 1261 2007 illud
1287 1945 1320 2008 ἐν
1346 1943 1404 2026 ἰ’σῳ
1417 1949 1452 2006 τὸ

329 2057 367 2120 de
390 2057 466 2121 vitio
498 2064 670 2142 suspectum
693 2062 750 2132 est,
775 2058 929 2141 sensitque
952 2058 1044 2121 etiam
1067 2056 1274 2121 difficultatem
1298 2055 1452 2132 Reiskiua

329 2169 522 2234 scribendum
545 2169 658 2233 ducens
668 2167 681 2232 :¹
700 2167 735 2232 ἐν
760 2169 819 2250 ’ίσῳ
843 2177 907 2252 τῷ.
939 2169 1080 2233 Fortasse
1102 2169 1211 2233 melius
1235 2169 1303 2246 erit,
1327 2170 1452 2252 Etyma-

329 2283 462 2368 logicum
485 2282 660 2346 Gudianum
684 2283 778 2367 sequi,
802 2283 875 2348 haec
899 2283 942 2346 ita
966 2283 1078 2368 script-a
1098 2283 1261 2347 exhibens:
1283 2281 1451 2346 Ἠλοσίων

331 2393 560 2484 (Ἠλιίσιονλ),
597 2401 617 2475 ἡ
646 2401 800 2499 μακάρων
836 2404 943 2476 νῆσος,
978 2396 1103 2478 ε’ίρηται
1137 2394 1171 2458 δὲ
1198 2394 1240 2458 ἐν
1267 2402 1375 2478 νήσῳ
1410 2401 1452 2459 τὸ

330 2508 524 2586 οἷλιίσιον,
557 2509 639 2574 ὃποο
673 2507 724 2597 (οὐ
745 2508 953 2597 inserendum)
978 2507 1172 2572 ὀιαλιλονται
1198 2510 1234 2572 αἱ
1254 2512 1360 2592 ψυχαί
1385 2514 1451 2573 τῶν

331 2628 496 2706 σωμάτων.
526 2622 594 2707 (col.
622 2621 710 2706 241).
735 2603 908 2701 θεὼ-ολ
931 2622 1091 2707 aliquando
1114 2623 1151 2686 ad
1175 2623 1364 2708 propositum
1386 2623 1453 2687 red-

330 2759 441 2815 eamus,
473 2773 518 2785 —-
548 2737 581 2802 in
612 2743 677 2803 toto
702 2738 760 2802 hoc
782 2737 965 2824 ineptiarum
987 2759 1096 2822 genere
1117 2736 1195 2802 nihil
1217 2736 1372 2822 pulchrius
1396 2744 1452 2813 est,

330 2871 420 2933 quam
443 2851 524 2934 quod
546 2851 659 2934 legitur
682 2851 715 2915 iu
739 2851 868 2916 Soholiis
891 2850 1003 2916 nostris
1025 2874 1054 2937 p.
1077 2855 1128 2914 50.
1150 2850 1169 2913 l.
1189 2853 1219 2913 4.
1242 2853 1293 2933 ἄψ
1304 2872 1315 2916 ,·
1337 2848 1450 2913 ὀπίσω·

331 2964 386 3024 καὶ
412 2962 566 3044 οίποιιοπῇ
588 2966 644 3026 τοῦ
668 2988 693 3026 ω
716 2965 804 3040 ὄπις,
830 2965 885 3026 καί
907 2970 1055 3044 σνγιιοπῇ
1073 2968 1129 3024 τοῦ
1151 2988 1160 3023 ι
1183 2964 1255 3039 ὄπς,
1280 2965 1335 3024 καὶ
1349 2971 1453 3045 τροπῇ

329 3079 386 3139 τοῦ
411 3098 427 3137 o
452 3076 496 3146 τίς
522 3099 543 3136 α
568 3076 622 3136 καί
647 3077 703 3138 τοῦ
728 3099 753 3136 π
776 3077 831 3137 ιιαί
856 3097 874 3136 σ
898 3076 942 3147 τίς
967 3095 1006 3156 ψ,
1032 3077 1097 3155 ἄψ,
1130 3097 1189 3158 qun
1213 3076 1250 3140 de
1273 3076 1453 3161 etymologia

330 3186 409 3252 nihil
436 3186 535 3250 dicam
565 3186 626 3251 nisi
648 3187 715 3264 hoc,
739 3209 805 3251 eam
827 3187 953 3252 nimiam
975 3169 1071 3252 visain
1093 3209 1157 3252 esse
1180 3187 1271 3252 etiam
1296 3188 1452 3272 lltymolo-

330 3300 392 3393 gici
423 3299 530 3384 Magni
561 3299 686 3378 auctori,
714 3300 842 3364 nonita
865 3301 1100 3365 severoiudioi:
1125 3298 1339 3385 Πλούταρχος
1366 3277 1391 3384 ¹¹)
1417 3301 1450 3364 δὲ

331 3412 396 3476 οἰπὸ
427 3414 483 3476 τοῦ
515 3411 617 3476 ὀπίσω
648 3415 684 3476 τὸ
708 3415 760 3495 ἄψ
785 3411 871 3491 λέγει
896 3405 994 3497 εἶναι,
1019 3417 1075 3478 τοῦ
1100 3439 1116 3477 o
1142 3416 1186 3489 εἷς
1211 3439 1231 3477 α
1255 3414 1450 3496 τραπέντος,

332 3529 387 3591 καί
420 3530 476 3591 τοῦ
509 3552 533 3589 π
564 3527 608 3600 τίς
641 3530 829 3609 ψ’,τοῦτο
854 3526 896 3590 δὲ
922 3529 1083 3612 βίαιον.
1108 3529 1156 3592 Ex
1178 3528 1292 3612 quibus
1312 3528 1452 3592 omnihus

332 3646 462 3729 apparet,
494 3647 623 3727 quantae
655 3640 756 3706 sordes
788 3641 960 3707 commistae
990 3643 1052 3706 sint
1075 3665 1144 3706 oum
1167 3640 1330 3706 multarum
1353 3663 1452 3706 rerum

365 4017 384 4078 ¹)
404 4015 540 4080 „Plutarchi
557 4015 620 4067 locus
637 4018 672 4066 eat
687 4015 713 4065 iu
729 4013 807 4066 libello
823 4014 888 4081 περὶ
906 4013 961 4062 τῶν
978 4011 1042 4079 παρ’
1062 4013 1170 4079 Ὁμήρῳ
1187 4013 1346 4073 διαλέκτων,
1369 4014 1451 4064 titulo:

330 4107 467 4160 canona
489 4104 612 4170 dialecto?
636 4106 747 4172 Sylbnrg.
764 4105 886 4156 Plutarchi
902 4104 987 4164 locum,
1005 4105 1045 4168 qui
1062 4105 1087 4154 in
1104 4105 1313 4171 Pseudapigruphis
1330 4107 1372 4164 est,
1391 4106 1452 4154 indi·

331 4199 394 4248 carit
409 4198 479 4248 etiam
496 4198 521 4247 in
538 4199 600 4263 App.
617 4213 641 4262 p.
661 4197 709 4250 738
726 4196 867 4256 Diodortius,
885 4195 930 4245 loci
947 4197 1025 4246 temen
1041 4196 1195 4262 Iltymologici
1211 4197 1248 4246 M.
1264 4196 1328 4246 nulla
1337 4196 1440 4246 mention

329 4288 399 4339 λοολο.
421 4288 489 4354 Apud
512 4287 768 4338 Pseudo-Plutarchum
790 4287 847 4337 haec
872 4287 992 4336 dicuntur:
1018 4291 1061 4335 καὶ
1081 4289 1202 4353 Δωριέων
1219 4286 1268 4346 μὲν
1285 4295 1320 4351 τῇ
1337 4287 1451 4351 συνήθει

331 4384 379 4441 τῆς
396 4377 584 4444 βραχυλογίας
601 4376 720 4436 ἐλλείψει
738 4378 877 4444 κίχρητιιι,
897 4402 930 4412 -
945 4405 978 4412 -
991 4405 1024 4414 -
1038 4381 1082 4426 καί
1100 4378 1132 4426 τό
1156 4379 1244 4440 ὀπίσω,
1263 4377 1309 4439 ἄψ,
1324 4383 1452 4444 μεταβα-

329 4467 382 4518 λὼν
399 4468 430 4516 τὸ
448 4467 498 4534 μὲν
516 4488 528 4518 o
547 4472 587 4525 τίς
602 4487 626 4532 α,
644 4470 676 4518 τὸ
695 4467 726 4518 δὲ
744 4484 765 4518 τε
783 4471 828 4517 καί
848 4469 878 4517 τὸ
897 4483 912 4516 c
930 4471 969 4524 τίς
984 4471 1015 4517 τὸ
1033 4469 1157 4533 συγγενὲς
1173 4469 1274 4524 αὐτοῖς.
1291 4468 1374 4530 (Plut.)
1384 4469 1449 4518 Mor.

329 4576 353 4626 p.
372 4557 436 4611 1075
455 4559 484 4608 B.
