3454 5330
772 651 836 716 109

242 831 296 902 sed
315 843 351 901 ut
372 835 406 902 in
425 859 457 902 re
480 837 642 925 desperata,
666 837 819 915 audacius,
840 836 1072 924 Aristophanem
1094 839 1270 925 reposuisse,
1294 863 1365 920 non,

137 933 139 938 ’
242 957 279 1014 ut
298 950 440 1017 Nanclrio
470 951 571 1018 risum
601 958 655 1030 cst,
690 949 728 1032 δή
753 953 825 1016 τότε
859 952 1066 1027 κακκείοντες
1098 957 1154 1018 etc.
1178 976 1254 1039 quae
1276 954 1366 1020 lectio

239 1065 377 1130 nuncin
400 1064 527 1132 Homeri
549 1065 617 1131 edd.
643 1064 824 1143 dominatur,
849 1065 918 1130 scd:
943 1064 981 1146 δή
1004 1071 1075 1131 τότε
1097 1072 1294 1151 κοιμήσαντο
1307 1074 1364 1146 etc,
1447 1103 1450 1108 ·

239 1179 321 1263 quod
351 1176 433 1246 ἔνιοι
465 1179 605 1246 habuisse
636 1179 789 1246 dicuntur.
823 1178 885 1246 Gur
913 1180 1091 1267 scripturam
1122 1179 1160 1260 ὑή
1185 1185 1256 1245 τότε
1282 1206 1364 1245 κακ-

239 1292 382 1367 κείοντες
407 1295 578 1370 mutaverit,
601 1293 674 1358 haec
698 1316 786 1359 causa
808 1316 871 1360 esse
894 1293 1023 1372 videtur,
1047 1295 1128 1379 quod
1150 1296 1215 1382 βάν
1239 1296 1364 1382 longum

238 1406 267 1471 ei
303 1407 503 1494 displicuerit,
541 1407 794 1493 quemadmodum
831 1408 892 1472 iam
922 1406 959 1473 ab
991 1407 1056 1474 aliis
1089 1408 1278 1476 observatum
1308 1416 1363 1489 est,

238 1521 447 1606 grammaticos
469 1521 690 1588 Alexandrinos
713 1521 809 1586 multa
828 1527 969 1599 mutasse,
989 1544 1117 1607 quorum
1136 1525 1284 1591 rationem
1303 1547 1365 1590 non
1424 1527 1427 1533 ’

239 1641 423 1723 perspectam
446 1635 600 1714 haberent,
624 1634 763 1722 inprimis
786 1634 840 1700 ubi
863 1635 978 1721 aliquid
1001 1635 1034 1700 in
1058 1635 1185 1701 Homeri
1208 1638 1311 1724 lingua
1334 1645 1365 1702 et

238 1753 334 1815 metro
363 1749 514 1836 singulare
543 1772 581 1816 cx
610 1772 669 1815 usu
699 1749 890 1836 digammatis
919 1749 1037 1815 Aeolici
1067 1750 1276 1837 explicandum
1307 1758 1362 1829 est,

239 1863 451 1930 Alexandrinis
479 1865 539 1930 illis
569 1863 656 1951 plane
686 1863 844 1950 incogniti.
869 1864 921 1929 Sic
943 1865 1035 1929 etiam
1057 1865 1213 1948 sequentia
1236 1864 1287 1930 illa
1310 1864 1364 1930 ch·

240 1977 410 2044 scurissima
439 1977 614 2065 explicanda
643 1978 749 2042 credo:
783 1978 817 2041 ἐν
842 1975 876 2040 ὑὲ
909 1983 951 2062 τῇ
981 1976 1169 2063 Ἀργολικῇ
1199 1975 1363 2064 πρὸςτί-

239 2097 364 2172 θειται,
390 2093 410 2156 i.
427 2072 461 2158 .e‘
485 2115 555 2180 pro:
582 2091 620 2172 ὑή
644 2097 716 2156 τότε
742 2092 950 2168 κακκείοντες
975 2091 1058 2179 ἔβαν
1082 2087 1209 2160 οἶκόνδε
1230 2091 1362 2158 ἕκαστοι

239 2206 383 2293 scriptum
415 2211 479 2272 erat
508 2208 542 2271 in
572 2206 715 2293 Argolica
738 2206 887 2273 editione:
921 2212 1000 2293 πρὸς
1024 2201 1115 2275 οἷκον
1140 2207 1287 2282 ἕκαστος.
1315 2209 1365 2273 Ita

239 2320 271 2384 in
292 2320 360 2386 loco
381 2319 613 2408 impeditissimo
632 2319 843 2386 hariolandum
864 2321 947 2388 duxi.

282 2435 326 2498 At
357 2434 483 2501 certiora
505 2443 586 2514 sunt,
611 2457 687 2521 quae
710 2438 813 2501 afferre
835 2457 958 2522 possum
981 2435 1018 2502 ad
1038 2460 1068 2501 ν.
1097 2438 1169 2500 152.
1199 2436 1363 2523 Neptunus

239 2545 343 2626 iratus,
374 2549 455 2635 quod
485 2548 633 2614 Phaeaces
665 2548 806 2634 Ulyssem
828 2549 861 2614 in
883 2552 1010 2637 patriam
1038 2550 1361 2628 red·uxen1nt,lovem

239 2659 410 2748 alloquitur,
445 2661 578 2750 dicitque
607 2662 784 2750 gravissima
814 2687 846 2729 se
877 2686 972 2751 poena
1002 2665 1115 2730 afficere
1145 2664 1222 2730 velle
1243 2685 1303 2739 eos,
1327 2669 1363 2726 ut

239 2774 269 2838 in
292 2781 446 2862 posterum
468 2801 486 2842 a
508 2777 562 2843 tali
584 2778 705 2866 incepto
728 2777 965 2844 absterreantur:

282 2894 342 2956 νῦν
367 2881 410 2956 αὑ
432 2894 587 2973 Φαιήκων
612 2889 719 2956 ἐθέλω
742 2888 941 2977 περικαλλέα
968 2897 1031 2972 νήοι
1043 2925 1140 2940 --·

283 3005 407 3088 ῥαῖσαι,
432 3006 477 3070 ἵν’
501 3004 563 3089 ήδη
587 3007 745 3092 σχῶνται,
771 3004 977 3087 ἀπολλήξωσι
1002 3004 1036 3069 ὑὲ
1062 3011 1189 3090 πομπῆς
1280 3034 1282 3038 ·

282 3118 484 3204 ἀνθρώπων,
508 3117 592 3204 μέγα
617 3118 653 3184 δέ
678 3140 755 3203 σφιν
779 3123 851 3208 ὄρος
876 3118 968 3185 πόλει
992 3120 1236 3206 οἷμφικαλιίφαι.

238 3231 287 3295 Ad
317 3231 459 3300 ultimum
489 3256 610 3300 versum
640 3235 675 3299 in
705 3235 738 3298 H
761 3241 807 3300 est
828 3235 901 3300 haec
931 3234 1086 3300 annotmio
1109 3234 1222 3312 critica,
1246 3254 1283 3296 ex
1305 3229 1362 3295 Di-

238 3345 328 3432 dymo
351 3347 415 3413 sinc
438 3347 531 3413 dubio
562 3353 724 3434 excerpta:
752 3346 1000 3432 Ἀριστοφάνης
1029 3347 1063 3412 ὑὲ
1089 3353 1217 3432 γράφει,
1242 3349 1291 3430 μή
1318 3343 1336 3409 ὑ
1345 3343 1360 3406 ε’

239 3482 348 3543 σφιν.
375 3460 542 3538 οίντιλένει
567 3460 597 3525 d’
623 3462 657 3526 ἐν
681 3463 908 3546 ὑπομνήμασιν
942 3460 1000 3551 (sic
1027 3462 1151 3527 Person.
1183 3460 1257 3526 Cod.
1283 3457 1317 3523 δὲ
1343 3483 1361 3522 ν

236 3574 488 3660 ὑπομνημάτων,
522 3576 642 3644 Nauck.
674 3577 804 3664 praefert
836 3574 870 3640 ὑὲ
903 3575 943 3638 dr
974 3577 1229 3659 ὑπομνημάτων)
1258 3573 1361 3658 Ἀρί-

237 3711 384 3777 οταρχος.
419 3690 504 3763 Quid
530 3692 588 3758 hcc
617 3691 683 3757 loco
713 3691 865 3780 impellere
893 3689 1025 3777 potuerit
1055 3689 1296 3775 Aristophanem,
1326 3694 1362 3750 ut

236 3806 415 3872 tralaticiam
444 3806 622 3894 scripturam
653 3812 793 3884 mutaret,
826 3804 947 3870 difficile
979 3805 1063 3869 dictu
1090 3810 1144 3868 est.
1171 3803 1244 3867 Iure
1266 3801 1362 3887 igitur

236 3919 386 3998 Nauckio,
410 3942 439 4007 p.
465 3923 507 3984 40
540 3944 622 4004 „non
651 3942 757 3987 verum
780 3916 932 3986 videtur.'’
966 3918 1058 3990 Quod
1080 3916 1161 3983 idem
1184 3917 1216 3981 in
1239 3921 1363 3981 annota-

235 4033 318 4100 tione
346 4035 463 4122 posuit:
498 4037 645 4119 „fortassc
683 4036 899 4122 Aristophanes
939 4035 1113 4121 scripserat:
1145 4027 1248 4115 μηὺί
1284 4048 1360 4111 σφιν

237 4149 309 4233 ὄρος
332 4143 425 4214 πόλει
450 4149 724 4237 α’μφικάλοψον,”
752 4174 814 4218 rem
836 4167 898 4216 non
927 4149 1073 4216 veriorem
1095 4145 1177 4212 facit.
1202 4142 1260 4210 Oui
1282 4140 1362 4210 enim

235 4261 398 4351 Neptunus
421 4265 494 4332 haec
516 4289 569 4354 per
592 4266 804 4354 imperativum
827 4263 975 4332 dixisset?
999 4259 1067 4329 Iovi
1090 4261 1202 4327 dixisse
1224 4279 1285 4326 non
1308 4279 1361 4346 po-

235 4379 306 4458 tuit,
331 4380 384 4465 qui
407 4381 492 4447 fratri
517 4381 708 4468 permiserat:
734 4380 828 4466 ἕρξον
852 4382 937 4454 ὅπως
963 4373 1089 4451 ἐθέλεις
1113 4377 1169 4440 καί
1192 4399 1242 4439 τοι
1264 4372 1361 4458 φίλον

237 4491 353 4559 ἔπλετο
385 4501 493 4581 θυμῷ.
526 4493 673 4581 Neptuno
705 4501 814 4575 autem,
839 4501 998 4582 postquam
1022 4491 1111 4569 dixit,
1134 4491 1178 4558 ita
1202 4513 1233 4557 se
1256 4486 1362 4577 punire
1420 4574 1426 4587 .

236 4607 313 4674 velle
324 4605 482 4692 Phaeaces,
496 4609 615 4698 Iupiter
626 4613 803 4699 respondet:
822 4605 902 4677 Mihi
914 4610 958 4677 ita
969 4609 1052 4676 factu
1063 4609 1213 4696 optimum
1224 4603 1360 4694 videtur:
