3442 5330
870 621 912 682 32

371 808 418 872 De
448 808 634 892 cognatione,
666 829 741 892 quae
772 805 852 871 inter
880 806 936 870 hos
967 804 1083 869 codices
1115 803 1290 878 intercedat,
1315 808 1452 866 accurate

328 927 457 985 statuere
479 943 526 984 res
549 928 595 984 est
617 920 802 996 difficillima,
828 926 859 983 et
882 920 925 982 ita
948 924 1126 1004 comparata,
1150 924 1188 980 ut
1209 917 1282 1002 ipsis
1297 915 1452 980 codicibus

327 1055 388 1098 non
419 1034 561 1119 inspectis
592 1034 630 1097 de
661 1056 695 1098 ea
726 1055 758 1097 re
781 1032 858 1097 nihil
882 1032 955 1096 certi
978 1030 1168 1116 pronuntiari
1190 1029 1292 1115 possit.
1319 1028 1453 1090 Sufficiat

327 1146 422 1229 igitur
444 1147 476 1210 in
499 1147 675 1211 universum
699 1145 860 1221 monuisse,
886 1145 1010 1208 caeteris
1032 1144 1122 1227 longe
1144 1165 1206 1206 esse
1229 1141 1381 1206 uberiores
1406 1140 1454 1203 in-

327 1259 529 1343 tegrioresque
559 1259 605 1333 M,
640 1258 672 1322 H
696 1265 726 1322 et
750 1258 789 1329 Q.
814 1258 957 1344 Optimus
980 1256 1116 1321 omnium
1138 1263 1184 1320 est
1207 1256 1252 1333 M,
1276 1242 1337 1340 quo
1358 1254 1455 1337 magis

328 1371 491 1434 dolendum
509 1378 565 1448 est,
585 1370 645 1434 iam
665 1371 703 1434 ad
724 1395 750 1433 a.
773 1395 815 1436 vs.
838 1374 901 1435 217
922 1370 1088 1435 adscribere
1100 1369 1238 1434 debuisse
1250 1369 1282 1432 in
1294 1391 1347 1432 sua
1364 1367 1455 1431 colla-

328 1484 410 1548 tione
422 1483 582 1554 Oobetum,
605 1508 633 1549 v.
647 1486 684 1549 cl.
704 1485 834 1566 „abhinc
846 1485 1054 1550 desiderantur
1065 1485 1125 1549 fere
1138 1505 1258 1570 prorsus
1270 1481 1380 1547 scholia
1392 1481 1453 1556 illa,

327 1597 494 1682 inquibus
518 1599 712 1684 antiquorum
735 1599 1000 1684 grammaticorum
1023 1598 1211 1662 coniecturae
1235 1603 1267 1660 et
1289 1596 1454 1681 priscorum

326 1711 471 1775 librorum
503 1710 647 1776 lectiones
680 1719 961 1777 commemorantur.
994 1710 1106 1776 Nullae
1135 1710 1226 1774 huius
1249 1709 1366 1794 generis
1390 1708 1455 1771 ani-

327 1824 546 1888 madversiones
580 1807 773 1910 reperiuntur
807 1826 844 1889 ad
878 1825 971 1889 libros
1004 1825 1033 1918 ζ,
1066 1850 1097 1906 η,
1123 1831 1161 1901 θ,
1198 1822 1313 1906 reliqua
1343 1820 1455 1884 scholia

328 1938 500 2022 conspirant
522 1938 583 2002 fere
607 1961 676 2001 cum
700 1938 853 2022 Vulgatis‚
878 1961 954 2024 quae
977 1939 1114 2003 breviora
1137 1951 1293 2013 vocantur,
1318 1957 1352 1999 ac
1370 1957 1454 2020 prae-

328 2053 407 2113 terea
438 2050 551 2114 nullius
584 2058 656 2114 sunt
686 2050 809 2136 pretii'q
841 2051 983 2115 Proxime
1006 2053 1043 2115 ad
1067 2051 1175 2115 horum
1198 2049 1291 2114 trium
1316 2048 1454 2112 codicum

329 2163 541 2246 praestantiam
572 2164 719 2227 accedunt
752 2164 788 2240 T,
820 2165 873 2248 qui
904 2172 935 2230 et
968 2165 1031 2251 ipse
1062 2165 1095 2228 in
1126 2163 1156 2236 ξ.
1185 2166 1225 2227 67
1257 2161 1386 2239 desinit3
1415 2162 1454 2236 R,
1481 2245 1484 2252 γ

330 2276 405 2360 „qui
428 2275 540 2340 scholia
563 2277 686 2363 antiqua
710 2278 844 2342 continet
867 2278 900 2342 in
925 2285 1055 2362 quatuor
1074 2278 1185 2364 primas
1204 2277 1355 2360 Odysseae
1366 2275 1455 2359 rhap-

329 2388 462 2467 sodias;''
495 2390 535 2466 D,
568 2412 658 2470 „cum
689 2390 810 2455 scholiis
841 2392 968 2478 copiosis
991 2393 1029 2455 ad
1052 2390 1224 2476 rhapsodias
1247 2397 1308 2454 tres
1331 2389 1454 2474 primas,

329 2502 492 2567 rarioribus
515 2503 552 2566 ad
577 2501 595 2564 d
622 2502 690 2592 (ubi
713 2505 861 2568 recentior
883 2527 990 2570 manus
1009 2505 1141 2590 incipit),
1161 2502 1306 2588 usquead
1319 2527 1349 2564 κ.
1365 2523 1456 2586 prope

330 2615 422 2680 nullis
445 2617 482 2679 ad
505 2617 680 2703 rhapsodias
702 2617 872 2704 reliquas;''
897 2627 928 2682 et
950 2619 981 2692 S,
1005 2641 1075 2682 cum
1100 2617 1219 2682 scholiis
1243 2616 1330 2681 bonis
1353 2621 1384 2678 et
1404 2637 1456 2678 an-

330 2729 425 2814 tiquis
455 2751 551 2814 usque
580 2730 618 2794 ad
649 2757 680 2803 γ.
714 2735 766 2794 48.
799 2732 847 2796 Ex
877 2733 924 2797 his
949 2733 1081 2818 optimus
1105 2738 1150 2795 est
1173 2731 1209 2806 T,
1234 2729 1321 2793 cuius
1344 2726 1456 2792 scholia

331 2843 459 2927 plurima
487 2849 559 2906 sunt
582 2867 618 2908 ex
641 2866 749 2928 genere
772 2845 977 2930 mythologice
1001 2852 1032 2909 et
1055 2867 1158 2909 eorum
1181 2842 1455 2928 grammaticorum,

232 2973 236 2979 ·
330 2955 383 3038 qui
407 2953 533 3018 λυτικοὶ
558 2962 589 3018 et
614 2959 799 3019 ἐνστατικοὶ
826 2958 979 3035 dicuntur,
1004 2958 1111 3043 etqui
1135 2957 1238 3034 codex,
1263 2963 1299 3019 ut
1321 2955 1456 3018 Diodor-

331 3068 387 3130 fius
417 3088 486 3131 vere
516 3066 661 3144 observat,
694 3068 793 3152 aliqua
823 3092 859 3133 ex
891 3077 974 3156 parte
994 3070 1101 3134 similis
1124 3075 1169 3133 est
1192 3069 1392 3133 Ambrosiano
1416 3067 1455 3142 Q,

331 3179 374 3242 ita
397 3185 507 3254 tamen,
539 3186 575 3242 ut
601 3201 662 3244 non
686 3180 723 3243 ab
747 3180 799 3244 illo
823 3183 961 3268 pendeat,
986 3183 1037 3246 sed
1061 3189 1164 3247 contra
1187 3204 1272 3267 saepe
1296 3182 1337 3246 sit
1359 3181 1456 3245 multo

330 3314 420 3374 quam
452 3291 482 3362 Q
511 3291 666 3376 integrior.
699 3291 795 3358 Cuius
826 3295 869 3358 rei
901 3295 1090 3361 luculentum
1122 3295 1292 3380 exemplum
1325 3295 1456 3380 prolerre

329 3428 450 3490 possum
484 3405 516 3468 in
549 3405 671 3480 scholio,
704 3428 740 3470 ex
770 3406 938 3494 Porphyrio
969 3409 1075 3495 petito,
1107 3409 1145 3472 ad
1178 3434 1202 3471 r.
1231 3412 1305 3486 281,
1331 3409 1368 3472 de
1391 3430 1454 3472 voc.

332 3517 440 3582 electo
466 3517 508 3606 (p.
535 3521 610 3596 272,
633 3518 653 3582 l.
681 3521 722 3583 23
746 3523 840 3608 seqq.)
865 3524 946 3607 quod
967 3523 1000 3588 in
1023 3523 1136 3594 EPQT
1156 3529 1307 3586 servatum
1328 3527 1384 3597 est,
1405 3521 1456 3584 sed

332 3633 421 3717 longe
452 3632 693 3698 emendatissime
725 3641 756 3698 et
786 3635 980 3722 integerrime
1011 3637 1044 3701 in
1067 3637 1103 3714 T,
1128 3643 1164 3699 ut
1187 3642 1309 3722 apparet
1331 3657 1368 3698 ex
1390 3634 1455 3698 cod.

332 3747 469 3810 Parisino
489 3747 670 3811 scholiorum
689 3747 721 3812 in
741 3749 879 3828 Iliadem,
900 3773 946 3814 nr.
961 3752 1046 3814 2679
1069 3751 1128 3834 (ap.
1142 3748 1327 3827 Cramerum,
1341 3748 1455 3811 Aneod.

333 3859 399 3923 Par.
431 3861 494 3924 ΙΠ.
519 3883 547 3946 p.
574 3859 630 3950 17)
663 3862 716 3945 qui
745 3862 779 3926 in
800 3864 899 3927 fronte
921 3863 1013 3926 huius
1036 3861 1142 3926 scholii
1165 3841 1274 3926 nomen
1297 3861 1457 3947 Porphyrii

333 3973 464 4051 exhibet,
496 3996 626 4059 quocum
658 3976 719 4039 fere
742 3977 779 4039 ad
803 3975 928 4041 verbum
952 3974 1101 4038 consentit
1124 3974 1160 4038 T.
1186 3974 1299 4040 Contra
1320 3997 1383 4038 non
1405 3995 1458 4038 ne-

333 4087 410 4171 gabo
444 4088 576 4172 quidem,
612 4089 691 4174 quod
723 4088 899 4153 Dindorfius
932 4087 969 4151 de
1000 4088 1064 4151 cod.
1096 4087 1126 4151 D
1158 4088 1356 4174 praedicavit:
1392 4091 1458 4168 „est

333 4202 465 4286 optimae
495 4209 584 4266 notae
615 4202 701 4280 liber,
733 4203 785 4286 qui
816 4223 876 4265 non
900 4201 996 4265 solum
1020 4201 1180 4288 Porphyrii
1203 4224 1312 4266 nomen
1336 4201 1457 4265 scholiis

334 4315 447 4392 multis,
472 4314 525 4377 ubi
548 4315 612 4380 eius
635 4315 778 4379 memoria
801 4315 834 4378 in
857 4314 923 4378 aliis
948 4315 1104 4380 codicibus
1127 4315 1249 4392 excidit,
1273 4315 1457 4400 adscriptum

334 4429 470 4504 servavit,
496 4429 547 4493 sed
571 4428 663 4492 etiam
687 4428 817 4492 multum
841 4429 958 4492 confert
981 4430 1019 4493 ad
1042 4429 1169 4494 aliorum
1193 4429 1331 4493 codicum
1345 4427 1457 4492 scholia

335 4540 382 4606 vel
411 4544 595 4608 emendanda
626 4543 673 4608 vel
703 4542 965 4628 redintegranda,''
997 4582 1041 4591 -—
1071 4545 1144 4608 haec
1167 4543 1261 4628 igitur
1283 4564 1345 4607 non
1367 4563 1455 4626 nego,
