3454 5330
850 689 889 750 75

303 874 377 959 quid
408 881 470 938 est:
503 911 548 920 ——
578 871 653 936 ἀλλ’
686 869 908 954 ἀποφαίνεται
939 873 990 936 ὅτι
1017 875 1050 958 (ἤ
1072 873 1142 960 ins.)
1169 872 1213 937 δι’
1237 873 1424 958 ἀφροσύνην

305 987 340 1077 (i.
365 1011 390 1052 e.
416 991 530 1068 νήπιός
555 987 614 1074 είς)
638 991 660 1067 ἤ
683 985 728 1049 δι’
753 985 908 1070 ἀπειρίαν
935 988 968 1072 (i.
993 1011 1019 1053 c.
1044 987 1186 1071 τηλόθεν
1212 987 1424 1078 εἰλήλουθας)

301 1103 345 1166 τὸ
371 1107 506 1187 πόρρω
528 1103 652 1181 ἥκειν
676 1099 851 1176 ἀγνοεῖί
875 1102 962 1166 Num
981 1101 1105 1186 Ulysses
1128 1103 1192 1168 sivo
1215 1103 1346 1168 stultitia
1362 1103 1425 1169 sive

300 1239 361 1282 non
384 1222 525 1304 expertus
549 1213 609 1303 (δι’
633 1214 803 1298 ἀπειρίαν)
827 1215 1040 1282 nesciebat
1058 1239 1102 1280 ex
1121 1217 1348 1302 longinquo
1367 1241 1424 1282 ve-

300 1330 411 1396 nire?
435 1331 593 1395 Dementia
616 1330 674 1394 hoc
693 1333 748 1396 est.
773 1329 833 1394 Sed
852 1336 888 1394 ut
911 1330 944 1394 in
967 1331 1120 1416 superiore
1140 1330 1252 1396 scholio
1273 1331 1426 1397 vocabulis

302 1443 346 1508 δι’
377 1443 532 1529 ἀπειρίαν
565 1445 681 1509 adiecta
713 1451 785 1509 sunt
816 1445 858 1517 ὡς
888 1447 932 1508 ἂν
963 1447 1131 1527 μακρόθεν
1165 1444 1347 1528 ἐληλυθὼς,
1382 1447 1425 1511 sic

300 1559 444 1644 quaedam
474 1559 508 1624 in
543 1559 665 1636 nostris,
695 1559 740 1623 ita
757 1558 944 1624 scribenda:
981 1557 1025 1622 δι’
1060 1557 1215 1643 ἀπειρίαν
1252 1559 1353 1649 (διὰ)
1389 1564 1424 1624 τὸ
1494 1537 1497 1541 .

302 1677 408 1758 πόρρω
439 1676 542 1754 ἣκειν.
577 1673 764 1759 Praepositio
796 1670 851 1734 διὰ
882 1679 929 1737 ter
958 1673 1084 1759 repetita
1115 1673 1219 1738 turbas
1250 1675 1343 1738 dedit.
1382 1676 1426 1738 At
1500 1698 1502 1702 ’

301 1787 551 1872 quidnesciabat
574 1787 722 1872 Ulysses?
746 1787 867 1874 Nempe
891 1786 1018 1873 Cyclops
1043 1786 1278 1868 ἀποφαίνεται,
1303 1787 1354 1850 ὅτι
1381 1789 1424 1872 (ἤ)

301 1900 344 1965 δι’
368 1900 555 1986 ἀφροσιίνην
578 1905 600 1982 ἤ
629 1899 673 1964 δι’
698 1899 853 1984 ἀπειρίαν
880 1897 980 1988 (διὰ)
1006 1903 1041 1964 τὸ
1066 1903 1174 1984 πόρρω
1196 1903 1287 1980 ἣκειν
1311 1904 1426 1978 ἀγνοεῖ

301 2017 354 2100 (rot
385 2014 622 2101 Κυκλώπων),
655 2014 817 2091 nesciebat,
851 2014 914 2079 sive
945 2014 1085 2092 stultitia,
1120 2015 1183 2080 sive
1205 2015 1366 2102 imperitia,
1390 2023 1426 2080 ut

298 2131 351 2215 qur¹
374 2152 411 2193 ex
433 2122 599 2214 longinquo
623 2127 750 2205 venerit,
782 2127 1004 2214 Cyclopum
1026 2149 1152 2193 mores
1175 2136 1214 2194 et
1236 2129 1423 2195 indolem.

341 2243 446 2328 Pergit
469 2241 605 2329 Cyclops,
629 2241 731 2306 dicens
754 2264 786 2306 se
806 2240 885 2305 nihil
907 2242 978 2306 deos
1002 2263 1114 2320 curare,
1137 2244 1225 2323 ἐπειὴ
1247 2242 1329 2307 πολύ
1350 2245 1425 2328 φέρ-

299 2357 385 2440 τεροί
409 2359 508 2438 εἰμεν.
539 2357 589 2420 Ad
611 2357 684 2421 haec
715 2355 873 2421 scholiasta
904 2378 941 2421 ex
976 2356 1041 2428 HQ
1063 2358 1101 2421 ad
1125 2383 1147 2420 ι.
1175 2360 1248 2422 276.
1274 2356 1329 2421 διὰ
1354 2361 1424 2423 τοκί-

300 2495 364 2534 των
390 2476 476 2534 κινεῖ
498 2471 555 2535 τὸν
578 2469 756 2554 ἀκροατὴν,
782 2471 840 2534 ἵνα
871 2475 1053 2551 μισήσωμεν
1086 2473 1143 2536 τὸν
1168 2469 1337 2536 Κύκλωπα
1368 2479 1424 2552 τῆς

299 2584 449 2670 ἀσεβείας
480 2587 535 2648 καί
568 2586 760 2668 ἐφησθῶμεν
792 2590 880 2668 αὐτῷ
913 2582 1125 2652 κολασθέντι.
1158 2586 1354 2650 ἐπιτείνεται
1388 2585 1422 2650 δὲ

301 2697 410 2763 αὐτῶν
441 2696 589 2785 ἀσέβεια.
623 2698 659 2762 οὐ
692 2701 752 2783 γὰρ
777 2697 974 2776 ἀγνοοῦντες
999 2699 1095 2771 θεούς
1120 2699 1312 2780 φαίνονται,
1337 2697 1422 2762 ἀλλά

297 2802 580 2898 καταφρονοῦντες
614 2812 724 2904 αὐτῶν
758 2810 802 2875 δι’
835 2809 1046 2886 ἀλαζονείαν.
1077 2810 1225 2893 ἀμέλει
1260 2811 1300 2876 δὲ
1330 2819 1422 2888 τοῖς

297 2929 554 2991 τὰτοιαῦτα
588 2927 648 3000 είς
675 2927 804 2999 θεούς
837 2924 1110 3009 ἀπορρίψασι
1133 2929 1237 3006 μετὰ
1261 2930 1336 3006 τὴν
1361 2930 1421 2990 τεί-

273 3040 459 3124 ’φλωσιν
480 3045 602 3113 θεοῖς
622 3040 808 3124 εὔχεται.
834 3038 952 3103 Ultima
970 3045 1068 3103 vertat
1087 3039 1256 3126 quipossit.
1273 3041 1422 3126 Equidem

296 3178 331 3220 ea
361 3160 499 3240 corrupta
529 3152 678 3218 existimo.
716 3153 775 3217 Sed
801 3152 912 3218 iterum
943 3153 1093 3218 sententia
1125 3154 1200 3218 duce
1231 3177 1345 3232 verum,
1374 3155 1421 3220 vel

296 3268 397 3355 potius
407 3267 471 3334 veri
482 3272 598 3354 partem
609 3265 790 3345 videbimus,
805 3288 881 3350 quae
892 3266 965 3332 haec
975 3274 1030 3332 est.
1048 3267 1192 3354 Cyclopea
1204 3269 1275 3334 deos
1286 3290 1421 3334 essenon

295 3382 435 3447 nesciunt
457 3381 509 3446 sed
531 3381 673 3446 iactantia
696 3388 727 3446 et
749 3381 909 3448 insolentia
932 3405 982 3447 eos
1001 3383 1091 3448 nihili
1110 3384 1255 3469 pendunt.
1276 3385 1420 3448 Attamen

294 3495 349 3580 qui
371 3495 515 3581 quamdiu
536 3494 655 3560 valebat
676 3501 707 3560 et
730 3517 802 3560 sano
828 3517 950 3581 corpora
982 3502 1046 3560 erat
1068 3497 1230 3581 praeditum,
1255 3497 1326 3562 deos
1349 3520 1420 3562 con-

293 3608 447 3674 temnebat
468 3615 499 3674 et
520 3614 605 3673 tanta
627 3607 661 3672 in
684 3631 734 3673 eoa
757 3608 902 3672 iactantia
924 3607 1074 3686 utebatur,
1103 3615 1262 3694 postquam
1285 3631 1420 3674 occaeca-

293 3727 343 3786 tus
362 3728 408 3786 ast
427 3722 465 3786 ad
484 3722 554 3787 deos
574 3742 675 3807 preces
694 3721 852 3786 convertit.
877 3720 979 3805 Igitur
997 3721 1055 3785 hoc
1077 3721 1180 3786 statim
1199 3721 1345 3800 videmus,
1366 3745 1419 3809 pro

262 3865 267 3872 =
292 3834 497 3918 ἀπορρίψαοι
529 3835 643 3920 requiri
674 3834 844 3900 subiectum
867 3834 905 3897 ad
929 3834 1069 3918 εὔχεται.
1100 3833 1339 3900 Rescribendum
1361 3836 1419 3900 ita·

293 3969 352 4032 que
374 3947 635 4032 ἀπορρίψας.
661 3933 723 4012 Sed
739 3946 813 4032 quid
824 3953 891 4010 tum
903 3946 1074 4012 faciendum
1085 3952 1132 4010 est
1149 3947 1311 4012 vocabulo:
1326 3947 1417 4022 τοῒςΡ

292 4061 334 4126 Et
354 4061 435 4126 unde
457 4060 646 4144 ἀπορρίψας
677 4066 829 4125 mutatum
860 4059 962 4125 estin
992 4061 1131 4124 insanum
1154 4059 1290 4125 dativum
1316 4060 1417 4143 ἀπορ-

291 4173 431 4258 ρίψασιΡ
454 4175 571 4238 Iterum
594 4174 811 4239 sententiarum
833 4195 931 4238 nexus
954 4173 1030 4238 bene
1059 4178 1231 4258 perspectus
1254 4195 1323 4237 vera
1346 4195 1417 4258 sup-

292 4287 449 4373 peditabit.
473 4287 630 4352 Sententia
652 4288 794 4374 postulat,
827 4293 863 4351 ut
885 4270 1001 4371 aliquid
1023 4291 1191 4371 opponatur
1213 4285 1313 4351 verbis
1334 4288 1415 4367 μετὰ

291 4404 355 4480 τὴν·
375 4397 549 4484 τύφλωσιν,
574 4407 606 4463 et
627 4400 685 4464 hoc
709 4400 864 4486 „aliquid”
895 4399 984 4465 debet
1003 4421 1066 4464 esse
1090 4397 1268 4463 vocabulum
1291 4398 1413 4480 „nunc”

291 4512 472 4598 significans.
502 4512 585 4577 Nam
618 4513 650 4608 in
685 4534 720 4576 eo
755 4519 838 4578 totus
873 4513 917 4576 rei
951 4512 1039 4576 cardo
1073 4511 1211 4588 vertitur,
1245 4515 1282 4573 ut
1316 4515 1414 4574 osten-

290 4626 387 4706 datur,
430 4625 591 4722 Cyclopem
640 4634 897 4692 occaecatum
945 4625 1047 4690 omnia
1087 4623 1145 4690 alia
1185 4624 1281 4688 facere
1322 4644 1413 4711 quam
