3454 5330
874 649 920 720 ι90

340 833 430 896 lium:
456 833 559 894 ταῦτα
584 835 751 912 φθάσας
774 835 792 896 ό
815 835 866 894 M.
894 828 1033 914 ἐκφέρει,
1056 852 1138 895 moro
1156 829 1357 895 recentiorum
1368 827 1462 894 Grac·

340 967 443 1010 corum
465 965 534 1031 pro:
560 943 705 1024 έφθασεν
731 942 887 1029 ἐκφέρων,
912 945 993 1030 φοοδ
1016 944 1209 1028 antiquorum
1232 950 1287 1008 est.

384 1057 535 1124 Omnibus
564 1059 644 1145 apud
674 1057 846 1124 Menelaum
877 1058 910 1123 in
931 1058 1069 1124 lacrimas
1092 1058 1252 1134 conversis,
1275 1079 1345 1121 nam
1369 1054 1460 1120 κλαῖε

339 1174 398 1253 μέν
436 1171 570 1254 Ἀργείη
605 1168 739 1254 Ἓλένη,
775 1209 820 1220 -
841 1207 885 1218 -
920 1168 1012 1235 κλαῖε
1049 1169 1083 1234 δέ
1117 1167 1308 1254 Τηλέμαχός
1339 1194 1373 1233 τε
1405 1172 1460 1232 καί

340 1282 519 1366 Ἀτρείδης
549 1282 736 1363 Μενέλαος,
759 1281 779 1374 ΙΙ
799 1281 869 1348 οὐδ’
900 1286 965 1368 ἄρα
999 1281 1166 1366 Νέστορος
1198 1284 1267 1356 νίός
1290 1281 1462 1367 α’δακριίτω

341 1397 414 1480 έχεν
445 1400 529 1475 όσσε,
562 1396 750 1475 Pisistratus,
783 1419 873 1482 quem
903 1398 983 1462 tanti
1012 1397 1112 1462 luctus
1142 1419 1213 1461 mox
1243 1395 1391 1474 taedebat,
1418 1433 1462 1444 -—

340 1512 472 1596 ingenue
501 1510 582 1576 enim
613 1512 741 1578 fatetur:
774 1513 812 1577 cd
843 1512 905 1594 γὰρ
938 1509 1038 1588 έγωγε
1059 1506 1079 1599 ΙΙ
1103 1507 1237 1593 τέρπομ’
1268 1508 1462 1592 ὀδυρόμενος

339 1623 567 1708 μεταδόρπιος,
598 1662 643 1673 -
675 1632 801 1690 conatur
832 1647 882 1690 cos
914 1648 931 1690 ο
960 1625 1091 1702 lacrimis
1114 1631 1256 1702 avertere,
1280 1623 1464 1690 montionem

339 1739 504 1806 iniiciendo
526 1739 627 1806 fratris
649 1739 697 1804 sui
720 1738 839 1806 amissi:

452 1857 508 1918 καί
532 1857 594 1939 γὰρ
617 1855 690 1936 ε’μὸς
713 1851 875 1936 τέθνηκεν
900 1851 1068 1935 α’δελφεός,
1093 1854 1163 1916 οὔτι
1190 1857 1341 1926 κάκιστος

452 1968 633 2052 Ἀργείων,
658 1969 725 2031 κτέ.
773 1965 804 2030 δ.
832 1970 896 2031 183
919 1988 1002 2050 seqq.

342 2079 508 2144 Scholiasta
531 2058 680 2144 adhaec:
708 2077 884 2160 δαιμονίως
910 2064 1032 2152 οὗτος
1055 2077 1259 2159 γνωμολογεῖ
1278 2081 1350 2162 περί
1374 2084 1463 2144 πάν-

342 2217 406 2257 των
430 2194 481 2256 ὅτι
506 2191 543 2257 οὐ
569 2196 625 2278 χρὴ
651 2190 792 2270 κλαίειν,
818 2189 925 2254 ἀλλὰ
949 2195 985 2256 τό
1010 2191 1096 2257 ἰ’διον
1119 2197 1228 2266 πάθος
1249 2191 1410 2272 ἐξήνεγκε.
1425 2194 1463 2256 τό

339 2308 399 2386 μέν
424 2309 485 2391 γὰρ
510 2308 554 2380 ὥς
576 2303 851 2387 μαλακιζομένοις
876 2306 1030 2387 ἐπιτιμᾶν
1055 2305 1092 2369 οὐ
1117 2304 1242 2388 πρέπον
1268 2304 1345 2389 νέῳ,
1368 2309 1404 2369 τό
1425 2305 1460 2368 δέ

342 2417 397 2483 διὰ
429 2425 488 2500 τὴν
513 2423 631 2486 ἑαυτοῦ
659 2418 781 2503 οίηδίαν
805 2425 1042 2503 παραιτεῖσθαι
1068 2418 1207 2502 δόικρνα,
1231 2418 1462 2502 ἀνθρώπινον.

341 2534 480 2600 Absurde
502 2534 553 2600 hic
575 2534 752 2600 Pisistratus
774 2534 927 2620 optime
950 2534 1055 2600 fecisse
1076 2533 1198 2612 dicitur,
1218 2534 1299 2619 quod
1310 2540 1463 2600 rectcnon

340 2648 422 2726 fecit,
453 2671 560 2735 nempe
591 2646 812 2730 γνωμολογεῖν
844 2650 917 2731 περί
941 2649 1149 2719 πάντωνὸτι
1174 2649 1211 2712 οὐ
1236 2652 1294 2733 χρὴ
1319 2633 1461 2726 κλαίειν,

340 2768 372 2825 et
394 2768 544 2848 praeterea
562 2762 612 2827 cui
630 2761 722 2827 verbo
741 2759 825 2824 ἀλλὰ
847 2768 1016 2848 opponatur
1034 2761 1155 2827 difficile
1173 2761 1259 2827 dictu
1277 2769 1332 2827 est.
1346 2761 1461 2826 Verum

342 2874 451 2939 vitium
482 2874 537 2939 alit
571 2858 677 2952 οὗτος,
715 2875 795 2960 qnod
824 2881 862 2939 nt
892 2897 982 2961 supra
1011 2897 1065 2961 pro
1095 2860 1134 2938 οὗ
1163 2875 1368 2961 reponendum
1390 2881 1462 2951 erat,

340 2986 384 3050 sic
414 2993 518 3051 nostro
547 2986 614 3050 loco
637 3009 691 3072 pro
721 2971 814 3061 οὗτος
846 2987 1013 3052 necessario
1034 2988 1196 3073 legendum
1219 2987 1276 3066 οὐ,
1302 3011 1362 3072 quo
1384 2989 1463 3052 facto

341 3099 442 3162 omnis
471 3104 551 3163 recte
580 3100 764 3185 procedunt:
795 3098 971 3181 δαιμονίως
995 3099 1039 3164 οὐ
1063 3100 1266 3183 γνωμολογεῖ
1287 3104 1359 3186 περί
1381 3107 1464 3166 πάν-

341 3235 405 3275 των
435 3212 487 3275 ὅτι
519 3211 556 3274 οὐ
589 3216 646 3297 χρὴ
680 3209 820 3290 κλαίειν,
853 3211 963 3276 α’λλοί
995 3217 1031 3277 τό
1053 3212 1141 3278 ἰ’διον
1166 3218 1274 3290 πάθος
1298 3213 1460 3296 ἐξήνεγκε.

339 3324 454 3389 Eadem
476 3324 626 3389 sententia
647 3313 736 3411 pardo
758 3325 846 3390 aliter
867 3347 1007 3412 expressa
1028 3333 1075 3392 est
1097 3327 1131 3392 in
1150 3328 1263 3394 scholio
1282 3328 1321 3393 ad
1340 3326 1371 3391 δ.
1388 3330 1461 3394 ⁷52.

341 3437 385 3502 οὐ
418 3443 627 3522 παραινεῖ
655 3443 706 3519 μὴ
740 3438 961 3524 δακριίειν·
995 3441 1032 3506 οὐ
1060 3443 1121 3526 γὰρ
1146 3443 1262 3506 πείσει·
1288 3466 1463 3526 προτρεπο·

339 3550 422 3635 μένη
444 3550 478 3615 δέ
504 3551 556 3615 ἐπ’
581 3550 677 3636 εὐχὰς
701 3559 931 3633 καταφεύγειν,
960 3555 1071 3642 [ὅθεν]
1100 3553 1284 3638 λεληθότως
1305 3560 1400 3621 παιίει
1422 3558 1462 3619 τὰ

341 3664 478 3750 δάκρυα,
502 3688 578 3752 quas
601 3666 691 3732 verba
713 3690 774 3733 non
798 3676 866 3755 apte
889 3670 1045 3736 decurrere
1066 3670 1218 3748 videntur,
1246 3669 1328 3754 qnod
1350 3670 1462 3756 perspi-

341 3780 422 3846 ciens
445 3779 623 3877 Dindorfius
644 3781 678 3845 in
700 3783 896 3849 annotatione
919 3784 1014 3848 dixit:
1041 3783 1226 3870 „Exspectes
1245 3782 1462 3867 προτρέπεται

340 3894 374 3958 δέ
392 3894 468 3958 -.”
492 3894 598 3960 Potest
621 3894 712 3960 etiam
732 3895 775 3960 ita
795 3895 960 3962 sententiae
980 3896 1105 3974 occurri,
1122 3902 1158 3961 ut
1177 3896 1347 3962 secludatur
1365 3898 1459 3975 ὅθεν,

341 4009 422 4092 quod
445 4007 520 4092 qnid
546 4006 605 4072 hnc
627 4007 727 4084 faciat,
751 4029 812 4073 non
834 4007 931 4072 video.

383 4121 433 4184 Ad
464 4145 489 4183 ε.
525 4121 598 4184 272.
632 4119 713 4184 inter
740 4119 799 4184 alin
828 4118 965 4204 longiora
996 4119 1108 4184 scholia
1137 4121 1195 4186 hoc
1217 4128 1265 4186 est
1286 4144 1323 4186 ex
1346 4121 1463 4193 Hoc

341 4231 493 4315 α’ρκτικός
525 4229 642 4306 κιίκλος
665 4229 806 4316 περιέχει
832 4234 890 4304 τὰς
914 4231 1086 4315 ’Ἀρκτονς
1111 4235 1166 4296 καί
1191 4237 1248 4298 τόν
1272 4237 1461 4316 Δράκοντα,

344 4347 416 4427 περί
441 4331 487 4409 ὧν
513 4341 644 4427 φέρεται
668 4351 689 4426 ἡ
713 4345 839 4428 ἱστορία
863 4343 931 4424 ἣδε.
954 4349 1010 4410 τόν
1031 4347 1097 4410 Δία
1118 4347 1152 4410 έν
1174 4351 1285 4430 Κρήτῃ
1299 4345 1462 4432 τεχθέντα

346 4456 402 4520 cco
427 4460 549 4539 νιίμφαι
575 4458 674 4521 ἐκεῖσε
696 4455 889 4542 α’νέτρεφσν,
915 4459 969 4520 καί
994 4465 1015 4540 ἡ
1036 4462 1096 4541 μέν
1120 4457 1237 4542 Ἓλίκη
1261 4458 1459 4542 ὠνομάζετο,

340 4576 360 4652 ἡ
397 4568 432 4633 δέ
464 4574 671 4655 Κννόσονρα.
704 4575 836 4655 Κρόνον
869 4570 903 4634 δέ
934 4575 1013 4638 ποτέ
1038 4572 1238 4649 ἐπελθόντος
1260 4577 1279 4638 ό
1300 4578 1382 4650 Ζεδς
1405 4577 1463 4642 τὸν
