3454 5330
867 687 908 749 52

328 872 455 938 dicendo
484 895 543 938 usu
571 873 664 952 venit,
695 871 786 938 etiam
808 871 924 937 medica
947 893 1003 950 ars,
1029 871 1055 936 si
1079 893 1148 936 vere
1170 870 1228 936 hoc
1249 893 1358 936 nomen
1381 891 1450 958 pro-

328 987 439 1064 fitetur,
473 986 522 1076 (ἐν
555 995 595 1071 τῇ
626 995 682 1067 τῆς
709 985 826 1072 τέχνης
852 984 1082 1074 κατορθώσει),
1114 994 1150 1049 ut
1182 985 1323 1052 adhibeat
1352 986 1449 1051 varios

328 1103 453 1167 curandi
484 1103 598 1180 modos,
629 1124 684 1188 pro
714 1101 795 1166 varia
827 1108 1017 1187 aegrotorum
1039 1106 1156 1180 natura,
1181 1122 1256 1185 quae
1279 1123 1360 1166 nunc
1382 1122 1450 1166 sen·

328 1217 424 1281 tentia
453 1215 607 1306 perspicue
637 1214 737 1280 verbis
767 1215 932 1280 emendatis
962 1215 1050 1280 inest.
1088 1215 1193 1280 Errori
1224 1237 1327 1280 ansam
1357 1214 1450 1291 dedit,

328 1331 410 1415 quod
435 1352 496 1395 non
527 1328 767 1394 animadversum
793 1337 880 1406 esset,
912 1328 1093 1395 sententiam
1120 1329 1315 1394 exoratione
1340 1328 1453 1394 directa

328 1449 450 1530 repente
472 1444 599 1509 transire
617 1443 650 1508 in
672 1443 859 1521 indirectam,
885 1444 966 1528 quod
989 1466 1079 1528 quam
1102 1444 1283 1528 frequenter,
1307 1450 1338 1508 et
1361 1464 1452 1527 quam

329 1565 432 1622 nostro
456 1579 542 1644 saepe
565 1558 666 1624 sensui
689 1557 869 1624 inconcinne
892 1557 972 1645 apud
994 1554 1096 1624 omnes
1123 1557 1259 1623 omnium
1281 1564 1453 1644 temporum

330 1671 459 1736 Graecos
483 1672 642 1760 scriptores
677 1695 735 1738 usu
765 1673 876 1751 veniat,
908 1672 1008 1738 sciunt
1038 1671 1228 1756 omnesqui
1252 1671 1383 1758 aliquam
1404 1669 1453 1734 his

328 1786 425 1852 literis
449 1809 568 1872 operam
591 1786 739 1852 dederunt
762 1790 797 1873 ¹).

373 1899 475 1964 Huius
506 1908 606 1964 autem
637 1901 680 1965 rei
711 1899 881 1966 observatio
912 1902 1038 1966 fumasse
1069 1900 1196 1964 salutern
1228 1902 1332 1965 afferre
1354 1905 1453 1986 potest

329 2013 405 2088 loco,
444 2013 498 2096 qui
532 2035 614 2076 nuno
643 2012 727 2096 gravi
759 2012 881 2077 vulnere
917 2012 1044 2078 afflictus
1078 2013 1260 2079 medicinam
1289 2021 1450 2100 exspectat.

329 2125 461 2202 Mentor,
494 2126 557 2189 sive
584 2125 684 2210 potius
707 2125 836 2203 Athena,
860 2126 904 2190 ita
927 2127 1007 2212 apud
1031 2126 1194 2192 Nestorem
1216 2127 1342 2193 instruit
1365 2126 1452 2191 Tele-

330 2238 478 2315 machum,
503 2263 534 2314 7.
562 2241 624 2302 230
649 2260 741 2323 seqq.:

374 2373 556 2460 Τηλέμαχε,
583 2381 678 2441 ποῖόν
703 2398 735 2439 σε
761 2374 838 2450 ἔπος
863 2382 964 2458 φάνεν
988 2375 1081 2462 ἕρκος
1105 2377 1275 2457 oetatem·

374 2492 445 2572 ῥεῖα
468 2493 546 2562 θεὸς
569 2495 600 2566 y’
626 2487 751 2554 ἐθέλων
777 2493 832 2554 καὶ
857 2488 1000 2573 τηλόθεν
1024 2491 1133 2576 ἄνδρα
1158 2496 1294 2557 σαώσαι.
1309 2529 1407 2541 --

374 2602 447 2666 ἀλλ’
471 2608 543 2683 ἦτοι
566 2611 717 2669 θάνατον
741 2607 801 2687 μὲν
826 2605 951 2687 ὁμοίϊον
977 2606 1051 2671 οὐδὲ
1076 2607 1151 2671 θεοί
1175 2633 1233 2692 περ
1261 2609 1350 2694 (236)

373 2721 427 2780 ναὶ
452 2717 536 2802 φίλῳ
560 2718 657 2804 dadai
682 2718 843 2786 δύνανται
868 2719 1051 2804 ἀλαλκέμεν
1076 2745 1107 2785 ιι.
1132 2747 1163 2786 τ.
1189 2726 1215 2784 ἑ.

327 2868 370 2930 Iit
402 2868 453 2957 hic
485 2869 568 2932 locus
603 2876 671 2943 τοῖς
707 2868 852 2945 λοτιιιοῖς
887 2871 1069 2937 uberrimam
1105 2871 1264 2936 dubitandi
1296 2871 1452 2937 materiam

328 3181 419 3230 monuit
442 3181 531 3232 Buttm.
554 3180 582 3230 ad
604 3198 631 3245 η.
654 3182 715 3240 225;
739 3197 761 3231 v.
780 3198 801 3231 c.
826 3180 853 3229 δ.
878 3181 934 3234 587.
959 3181 1041 3229 τοῦτο
1060 3182 1109 3238 εἰς
1127 3181 1289 3231 σύστασιν
1307 3185 1355 3232 τοῦ
1372 3185 1454 3250 ἥρωος

329 3270 384 3320 κτὲ.
403 3271 448 3321 Sed
465 3275 488 3321 et
505 3287 530 3321 ea
550 3271 697 3336 significatio,
715 3287 785 3336 quam
802 3274 880 3337 aperte
897 3275 974 3322 noster
989 3271 1052 3323 locus
1066 3271 1167 3337 flagitat:
1186 3275 1376 3326 constitutio
1391 3290 1453 3324 cor·

328 3362 426 3427 poris,
450 3362 593 3412 substantivo
616 3361 750 3422 οὐοταοις,
767 3391 801 3400 -
818 3363 886 3426 qood,
911 3362 931 3411 ri
951 3363 1007 3428 quid
1024 3362 1095 3423 ahiud,
1112 3364 1167 3411 τῶν
1184 3363 1343 3432 πολιισὴμοιν
1358 3368 1400 3425 eet,
1417 3393 1451 3402 -

327 3455 376 3504 siue
392 3454 461 3504 dubio
478 3455 545 3513 inest,
566 3457 593 3503 ut
609 3454 632 3503 in
651 3454 764 3520 Stephani
781 3454 897 3504 Thesauro
915 3455 1018 3519 primaru
1034 3455 1119 3520 probat
1140 3455 1189 3520 ipsc
1207 3457 1338 3521 Stephanus
1355 3473 1382 3506 ex
1402 3457 1450 3506 Bo·

326 3546 390 3605 daeo‚
411 3546 486 3596 locum
504 3546 630 3596 Alexandri
647 3545 833 3611 Aphrodisiensis
851 3547 966 3605 afferente,
985 3545 1132 3598 confirmavit
1147 3546 1229 3596 deinde
1246 3548 1379 3598 Diudorfins
1392 3547 1448 3597 alla-

326 3638 355 3686 tis
379 3641 402 3686 et
424 3638 522 3688 aliorum
538 3638 595 3688 locis
618 3641 641 3687 et
663 3639 750 3688 duobos
768 3639 850 3689 Dionis
868 3639 950 3698 Cassii,
970 3655 1068 3703 quorum
1085 3639 1124 3690 hio
1141 3638 1248 3703 inprimis
1266 3639 1327 3688 bano
1344 3639 1450 3690 vocabuli

325 3727 517 3793 significationem
540 3729 654 3780 illustrat:
681 3731 829 3790 XXXVIII,
852 3733 891 3780 19.
915 3731 940 3780 in
957 3732 976 3779 f.
994 3731 1044 3793 ἐγὼ
1065 3731 1156 3778 τοίνυν
1173 3729 1280 3796 πρῶτον
1296 3728 1344 3790 μὲν
1362 3729 1450 3778 ἁπάν-

327 3839 378 3868 τοιν
397 3821 449 3888 ὁρῖο
465 3835 493 3870 σε
514 3821 723 3884 ὑγιαίνοντα
741 3823 779 3890 τῷ
798 3823 901 3890 σώματι
921 3824 966 3870 καλ
986 3805 1017 3869 τά
1036 3819 1110 3881 μάλα
1129 3820 1283 3888 ἐρρωμένον,
1303 3847 1336 3861 --
1348 3849 1382 3860 -
1399 3820 1450 3870 ἕπ-

328 3930 389 3960 eirca
408 3911 439 3960 δὲ
458 3911 513 3962 uri.
533 3912 599 3962 ὅταν
616 3943 650 3953 -
667 3918 722 3964 τινὶ
741 3919 759 3982 ἢ
776 3934 811 3963 τε
830 3917 890 3964 τοῦ
915 3912 1067 3978 σώματος
1084 3913 1246 3972 σύστασις
1269 3911 1304 3962 οὐ
1324 3911 1386 3984 ἔχῃ
1404 3915 1450 3960 καὶ

329 4003 453 4070 διαρκεῖν
472 4005 655 4072 ἀφροντιστῶν
674 4006 802 4071 δύνηται,
821 4008 913 4054 πάντα
929 4004 964 4053 τὰ
981 4005 1048 4070 πρὸς
1066 4003 1246 4070 εὐδαιμονίαν
1264 4002 1450 4065 ἐπιβάλλοντα

326 4095 487 4162 καρποῦται.
502 4096 602 4147 Bekker.
621 4099 643 4147 Ι.
661 4114 686 4162 p.
708 4096 763 4149 167.

361 4187 378 4246 ¹)
396 4188 462 4237 Dabo
484 4204 512 4236 cx
534 4188 624 4253 ingenti
646 4203 743 4238 numero
765 4187 827 4237 hunc
850 4185 1004 4251 Theophrasti
1026 4187 1111 4247 locum,
1135 4191 1162 4237 ut
1184 4187 1215 4237 sit
1237 4187 1312 4237 Instar
1336 4187 1450 4247 omnium,

325 4279 349 4326 in
373 4295 424 4344 cap.
450 4281 513 4345 περὶ
539 4278 718 4341 κολιικείας,ξ
743 4279 766 4326 l.
785 4277 832 4326 τὸν
851 4275 882 4325 δὲ
901 4276 1004 4326 κόλακα
1028 4277 1176 4342 (ὑπολάβοι
1201 4278 1235 4330 dr
1255 4279 1309 4344 τις)
1328 4279 1451 4328 τοιοῦτόν

329 4389 397 4430 τινα,
428 4369 494 4418 ὥστε
521 4369 702 4435 πορευόμενον
730 4369 785 4427 άμα
815 4371 913 4416 εἰπεῖν·
938 4397 1022 4407 --
1047 4369 1237 4437 ηΗύδοκιμεῖς
1264 4368 1333 4435 χθὲς
1363 4371 1389 4418 ἔν
1417 4375 1452 4434 τῇ

325 4462 417 4528 οτοᾷ·”
441 4461 571 4511 πλειόνων
596 4463 646 4527 γὰρ
664 4463 681 4525 ἢ
698 4461 846 4526 τριάκοντα
872 4461 1024 4527 ἀνθρώπων
1043 4463 1201 4529 καθημένων
1220 4465 1265 4511 καὶ
1285 4461 1449 4528 ἐμπεσόντος

326 4554 416 4615 λόγου,
437 4556 474 4608 τίς
492 4552 535 4618 εἴη
558 4552 708 4615 βέλτιστος,
735 4550 787 4600 ἀπ’
814 4553 921 4602 αὐτοῦ
948 4555 1156 4620 ἀρξαμένους
1178 4555 1310 4610 πάντας
1328 4555 1385 4602 ἔπλ
1409 4553 1444 4602 τὸ

326 4645 431 4707 ονομα
451 4645 561 4692 αὑτοῦ
583 4647 859 4710 κατενεχθῆναι.
