3454 5330
816 653 857 713 99

270 860 307 900 ex
337 837 509 902 oblitterata
539 837 573 900 in
604 837 766 921 antiquiori
800 836 900 922 aliquo
931 837 1032 903 codice
1063 839 1209 926 scriptino
1233 839 1315 904 vocis
1338 867 1397 905 πε-

270 950 393 1034 ρισσή.”
418 948 636 1036 Comprobavit
657 949 730 1014 haec
752 948 939 1028 Dindorfius‚
964 951 1095 1017 addens:
1119 953 1228 1034 „Hanc
1248 954 1399 1038 conjectu-

270 1085 333 1128 ram
364 1064 576 1129 commendant
606 1063 698 1130 verba
721 1066 915 1151 corruptam
938 1067 997 1131 fine
1021 1066 1143 1131 scholii:
1170 1069 1223 1129 καὶ
1248 1071 1309 1149 γὰρ
1334 1055 1396 1131 ὧδε

273 1181 330 1240 νῦν
362 1182 392 1240 τ’
425 1180 485 1250 είς
518 1176 577 1259 δῇ,
610 1179 653 1250 ὡς
686 1180 721 1240 τὸ
756 1178 878 1260 ,αὐτὸν
909 1179 1002 1260 μιν,”
1037 1178 1081 1268 (δ.
1109 1177 1188 1267 244)
1214 1183 1268 1243 καί
1294 1180 1396 1262 ,,α’μφί

272 1293 342 1373 περὶ
376 1291 532 1374 κρήνην.”
566 1292 617 1376 (Il.
651 1293 683 1377 β.
712 1291 802 1380 305),
836 1315 911 1378 quae
942 1293 1053 1357 absunt
1076 1317 1093 1357 a
1118 1293 1157 1370 Q,
1182 1316 1219 1358 ex
1242 1294 1274 1357 H
1298 1301 1397 1360 autem

273 1411 339 1488 post
361 1403 544 1470 Buttmanni
568 1404 689 1471 demum
713 1405 878 1470 editionem
901 1406 937 1471 ab
958 1404 1099 1472 Oramero
1119 1407 1200 1473 edita
1218 1414 1297 1473 sunt.
1313 1409 1398 1480 Quo-

274 1539 339 1581 rum
360 1523 490 1584 'sensum
520 1519 602 1583 huno
633 1541 698 1584 esse
720 1523 812 1605 patet,
835 1521 868 1584 in
893 1519 993 1585 αὐτὸν
1017 1546 1074 1601 μιν
1099 1527 1130 1584 et
1152 1521 1233 1603 α’μφι·
1258 1523 1332 1606 περί
1356 1523 1398 1588 al-

273 1637 423 1697 terutmm
454 1655 491 1696 ex
514 1632 682 1697 abundanti
707 1633 812 1698 eodem
835 1634 925 1698 modo
949 1634 1088 1698 additum
1110 1657 1175 1698 esse
1198 1657 1258 1718 quo
1281 1637 1331 1699 hic
1355 1639 1398 1706 εἷς

274 1742 373 1809 ἅλαδε
405 1767 459 1831 pro
487 1744 617 1832 simplici
648 1744 750 1809 ἅλαδε
786 1746 903 1812 dietum
927 1746 998 1811 sia*
1024 1748 1109 1812 Haeo
1131 1747 1317 1814 Dindorfius.
1343 1749 1399 1813 Oe-

274 1863 371 1920 terum
401 1865 438 1922 ut
469 1857 580 1940 „verba
611 1866 752 1945 corrupta
777 1860 810 1924 in
833 1861 892 1926 fine
915 1859 1042 1925 scholii'
1067 1861 1148 1926 hunc
1170 1884 1292 1927 sensum
1314 1885 1399 1950 prae-

273 1969 371 2050 beant,
395 1993 485 2055 quem
505 1971 543 2036 iis
563 1972 660 2038 inesse
680 1995 748 2038 vere
767 1973 846 2037 dixit
863 1973 1050 2053 Dindorfius‚
1069 1975 1239 2041 scribantur
1256 1976 1315 2041 ita:
1342 1980 1397 2040 καὶ

274 2086 334 2167 γὰρ
358 2071 421 2148 ὧδε
443 2090 502 2149 νῦν
527 2087 571 2148 τὸ
597 2088 655 2160 εἰς
678 2123 722 2134 -
745 2085 788 2150 δε
813 2087 847 2171 (i.
871 2111 897 2152 e.
922 2089 966 2162 εἷς
991 2087 1122 2176 ἅλαδε),
1144 2091 1236 2164 dcto
1258 2099 1313 2157 oet.
1339 2093 1398 2157 Sed

275 2197 430 2272 redeamus
451 2198 506 2263 ad:
532 2199 755 2285 Ἀρίσταρχος
779 2199 827 2279 δὲ,
854 2203 886 2263 οἳ
910 2202 954 2273 εἰς
977 2201 1053 2266 ἅλα.
1078 2201 1227 2285 δεύτερον
1253 2203 1287 2267 δέ
1311 2207 1399 2268 ἐστιν

275 2316 295 2390 ἡ
325 2313 380 2386 είς.
413 2310 595 2378 Buttmanni
628 2313 799 2378 coniectura
830 2313 1052 2399 Ἀρίσταρχος
1085 2313 1133 2393 δὲ,
1160 2319 1191 2379 οἳ
1216 2319 1259 2390 εἷς
1283 2316 1397 2382 ἅλαδε.

277 2429 449 2509 περισσὴ
471 2425 507 2488 δέ
529 2427 617 2491 ἐστιν
638 2433 659 2508 ἠ
682 2429 738 2506 εἰς,
764 2428 937 2494 acutissime
959 2437 1006 2494 est
1024 2429 1204 2510 adsensum,
1218 2441 1400 2514 quemrecte

275 2539 455 2624 expressisse
473 2561 575 2606 revera
594 2541 805 2628 comprobatur
824 2543 872 2620 iis,
894 2565 970 2627 qnae
988 2566 1025 2607 ex
1044 2543 1077 2606 H
1089 2551 1192 2629 postea
1203 2553 1398 2609 accesserunt.

277 2655 336 2720 Sed
355 2660 487 2737 περισσὴ
508 2658 600 2722 nimis
620 2657 734 2724 recedit
753 2681 769 2722 a
786 2658 942 2722 literarum
961 2658 1065 2734 forma,
1087 2677 1142 2720 nec
1162 2657 1248 2721 facile
1272 2657 1402 2743 explicet

276 2769 353 2852 quis,
376 2771 527 2855 quomodo
550 2771 654 2836 literae
673 2795 827 2854 οτερον
855 2772 888 2835 in
915 2775 1046 2852 περισσή
1073 2769 1154 2834 abire
1177 2771 1340 2856 potuerint.
1367 2772 1400 2834 Si

276 2883 456 2948 conferimus
487 2884 622 2949 scholion
652 2885 689 2949 ad
720 2885 759 2949 Il.
783 2883 821 2948 Β.
848 2887 911 2948 305
935 2884 968 2948 in
991 2887 1094 2948 nostro
1118 2882 1230 2948 scholio
1255 2907 1400 2950 memore-

275 3003 350 3075 tum‚
382 2998 528 3083 scriptum
555 2999 737 3086 reperiemus
770 2998 807 3063 ad
840 2997 921 3080 ἀμφὶ
955 2997 1049 3082 περί·
1081 2996 1117 3061 οὐ
1143 2996 1197 3060 διὰ
1223 3000 1257 3062 τὸ
1281 2999 1399 3083 μέτρον

277 3111 313 3172 αἱ
343 3109 400 3176 too
424 3109 608 3196 προθέσεις,
633 3109 718 3174 α’λλοί
742 3117 798 3177 etc.
824 3111 893 3177 Hoc
916 3112 1016 3198 ipsum
1039 3113 1071 3176 in
1093 3119 1197 3177 nostro
1219 3112 1332 3178 scholio
1356 3135 1402 3178 re-

277 3225 448 3310 ponendum
480 3223 625 3290 arbitror:
660 3226 881 3313 Ἀρίσταρχος
915 3224 960 3311 δὲ,
986 3228 1018 3290 οἳ
1041 3229 1085 3302 εἰς
1108 3224 1237 3291 ἅλαδε.
1265 3226 1402 3291 διὰτὸ

276 3337 432 3421 μέτρον
465 3336 501 3400 δέ
534 3339 622 3403 ἐστιν
654 3345 675 3420 ἡ
706 3341 762 3419 εἷς,
797 3364 872 3426 quse
903 3341 970 3406 voci
999 3340 1148 3427 δεύτερον
1173 3343 1268 3428 magis
1292 3343 1403 3408 similia

279 3458 360 3532 sunt,
384 3452 582 3539 eundemque,
607 3474 696 3538 quem
719 3452 926 3518 Buttmannus
953 3454 1082 3533 volebat,
1107 3479 1228 3520 sensum
1250 3456 1401 3540 praebent,

277 3587 384 3653 nempe
407 3569 451 3641 εἷς
475 3566 626 3632 abundare
651 3574 682 3632 et
704 3568 792 3632 metri
816 3589 904 3631 causa
926 3589 980 3653 pro
1002 3565 1104 3631 ἅλαδε
1129 3570 1244 3633 dictum
1268 3591 1332 3633 essa
1356 3572 1399 3640 εἰς

278 3678 392 3744 ἅλαδε.
429 3680 478 3744 Νο
501 3681 569 3765 quis
593 3687 694 3746 autem
717 3703 752 3746 eo
775 3680 953 3758 offendatur,
978 3683 1058 3764 quod
1082 3680 1137 3744 διὰ
1163 3681 1201 3744 δὲ
1226 3685 1262 3745 τὸ
1281 3681 1399 3765 μέτρον

279 3801 336 3858 cet.
359 3795 505 3881 seriptum
528 3795 671 3881 oportuit,
696 3794 772 3859 sciet
793 3794 826 3858 in
848 3793 969 3859 scholiis
994 3793 1029 3858 δέ
1055 3795 1171 3881 saepius
1194 3796 1283 3881 paulo
1306 3819 1402 3860 remo-

279 3908 342 3972 tius
372 3909 454 3995 poni,
485 3931 513 3974 v.
546 3932 570 3972 c.
603 3909 636 3974 in
667 3909 781 3974 scholio
803 3909 892 3995 paulo
915 3931 1003 3996 supra
1026 3909 1132 3976 allato:
1158 3916 1178 3990 ἡ
1201 3917 1241 3990 γῆ
1266 3909 1284 3972 δ
1296 3915 1308 3972 ὲ
1334 3912 1399 3974 ἐστι

281 4025 407 4103 κοινόν,
432 4029 463 4088 et
486 4022 657 4109 saepissime
683 4023 765 4088 alibi.

325 4137 355 4202 λ.
391 4142 453 4203 235
485 4161 565 4225 seqq.
597 4145 744 4218 narratur,
778 4139 927 4225 quomodo
957 4137 1122 4225 Neptunus
1146 4141 1205 4218 τὴν
1228 4139 1324 4223 Τορὼ
1349 4161 1401 4225 per

281 4251 343 4318 vim
366 4253 588 4340 compresserit:
615 4251 688 4317 λῦσε
712 4251 747 4316 δὲ
771 4254 958 4338 παρθενίην
985 4253 1106 4335 ζώνην,
1133 4255 1217 4315 κατὰ
1243 4251 1272 4314 δ’
1293 4253 1398 4318 ὕπνον

282 4367 405 4453 ἕχεοεν.
438 4368 487 4432 Ad
518 4366 598 4432 huno
628 4389 748 4434 versum
770 4369 803 4434 in
826 4369 862 4434 M
882 4368 1008 4434 dieitur:
1033 4365 1121 4440 ἕξει
1146 4373 1325 4452 σεμνοτᾶτῃ
1351 4394 1403 4432 κο-

282 4487 354 4564 σμεῖ
383 4485 419 4544 τὸ
451 4483 598 4566 αἰσχρὸν,
632 4482 674 4554 ὡς
703 4485 721 4543 ό
750 4480 909 4566 Ξενοφῶν
946 4481 1052 4563 ,,ὲ’γνω
1081 4480 1206 4562 αὐτήν”
1238 4481 1313 4544 dori
1345 4487 1399 4546 τοῦ

226 4627 232 4640 ·
282 4595 433 4678 ,,ἐμίγη.”
465 4594 648 4680 Quicunque
675 4603 861 4684 compertum
891 4595 1023 4673 habebit,
1047 4593 1114 4670 ἕξις
1138 4596 1307 4682 significare
1330 4597 1404 4680 „ha-
