3454 5330
849 641 912 720 loo

321 844 435 925 bitus,”
472 844 584 911 ridebit
617 844 654 908 ad
688 866 737 908 ea:
772 840 862 917 ’ἕξει
897 845 1075 928 σεμνοτάτῃ
1101 845 1213 925 κοσμεῖ
1235 842 1271 906 τὸ
1296 833 1444 928 αἷσχρόν,

320 983 389 1027 nam
422 982 498 1045 quae
525 959 557 1024 in
579 982 614 1026 ea
638 980 670 1024 re
692 963 714 1039 ῆ
736 963 793 1039 τῆς
816 955 912 1033 ἕξεως
935 957 1091 1041 σεμνότης
1115 956 1166 1034 sit,
1187 955 1308 1022 difficile
1330 959 1376 1023 est
1398 955 1448 1021 in-

320 1074 451 1140 tellectu.
485 1073 570 1146 Quid
604 1071 721 1159 igitur?
758 1071 980 1159 Reponendum
1013 1079 1076 1136 est:
1113 1068 1228 1146 λέξει
1265 1074 1445 1154 σεμνοτάτῃ

321 1193 432 1271 ιιοσμεῒ
462 1191 498 1252 τό
531 1188 677 1272 ου’σχρόν,
711 1186 743 1252 in
775 1207 807 1250 re
830 1185 971 1273 subturpi
993 1192 1082 1272 poeta
1105 1207 1177 1250 usus
1200 1191 1247 1250 est
1268 1183 1367 1249 verbis
1389 1183 1445 1247 ho-

280 1329 282 1336 ·
319 1301 412 1368 nostis
435 1300 670 1388 splendidisque,
694 1321 756 1364 non
780 1300 874 1382 ἐμίγη
897 1298 994 1384 αὐτῇ,
1020 1300 1072 1366 sed
1096 1299 1170 1364 λῦσε
1194 1298 1230 1362 δὲ
1255 1297 1443 1382 παρθενίην

320 1414 442 1498 ζώνην,
479 1422 510 1478 et
545 1415 587 1479 sic
615 1414 746 1500 intelligi
775 1420 876 1502 potest
907 1436 960 1479 cur
990 1413 1128 1492 addatur,
1162 1413 1206 1488 ὥς
1237 1416 1256 1477 o‘
1284 1410 1443 1494 Ξενοφῶν

320 1527 427 1612 „tyno
458 1527 585 1610 αὐιῆν”
616 1529 649 1593 in
679 1529 784 1596 eadem
808 1552 848 1594 re.
885 1527 1027 1596 Ceterum
1049 1528 1103 1594 ubi
1125 1527 1199 1593 haec
1226 1527 1317 1594 verba
1339 1525 1443 1592 Xeno-

319 1643 426 1730 phonti
457 1649 601 1731 usurpata
632 1643 694 1708 sint
726 1666 786 1710 non
816 1641 914 1729 magis
937 1642 1119 1730 investigere
1141 1641 1228 1729 potui
1252 1664 1341 1727 quam
1364 1639 1444 1724 Din-

319 1758 430 1823 dorfius
461 1758 495 1824 in
517 1757 712 1844 annotatione
735 1757 843 1823 scribit
865 1780 897 1824 se
919 1751 1062 1846 potuisse.
1087 1754 1297 1844 cogitaveram
1319 1755 1357 1820 de
1380 1753 1445 1819 Xe-

318 1871 471 1958 nophonte
494 1871 636 1960 Ephesio,
661 1873 713 1938 sed
735 1873 772 1938 de
795 1873 852 1936 hoc
875 1893 991 1960 semper
1013 1870 1150 1936 additur:
1176 1868 1211 1936 ἐν
1233 1873 1443 1954 Ἐφεσιακοῖς

319 1991 350 2049 et
372 2007 411 2049 ne
434 1985 515 2072 apud
537 1985 618 2050 hunc
637 1985 760 2071 quidem
779 1984 837 2050 hoc
854 1985 980 2052 verbnm
999 1985 1060 2072 legi
1078 1985 1209 2052 videtur.
1221 1985 1446 2050 Intranscursu

319 2117 436 2176 moneo,
456 2099 610 2164 Romanos
622 2105 767 2178 auctorne,
780 2099 833 2185 qui
845 2099 1001 2166 honestius
1012 2098 1191 2180 scribebant,
1208 2123 1243 2166 eo
1255 2098 1345 2166 verbo
1358 2119 1446 2184 saepe

318 2212 375 2292 uti,
395 2236 423 2280 v.
444 2236 469 2277 o.
491 2211 608 2280 Caesm.
628 2212 665 2277 B.
680 2212 718 2277 G.
732 2211 790 2277 Vi.
803 2235 829 2277 c.
845 2216 896 2277 a1.
919 2213 1025 2298 „Intra
1045 2235 1159 2281 annum
1177 2236 1248 2282 vero
1266 2212 1445 2281 vicesimum

318 2327 491 2394 feminae
507 2327 699 2394 notitiam
717 2325 929 2407 habuisse,
949 2327 983 2394 in
1001 2328 1184 2417 turpissimis
1196 2329 1309 2395 babent
1320 2325 1442 2394 rebus.''

363 2467 391 2507 ο.
426 2446 467 2507 16
502 2442 575 2508 hoec
603 2441 716 2529 legitur
744 2442 907 2509 locutionis
937 2445 1019 2529 βοῆν
1051 2442 1180 2522 ἀγαθὸς
1209 2466 1263 2531 pro
1293 2440 1443 2528 dedoctus

318 2555 433 2644 positae
460 2556 638 2646 explicatio:
671 2557 709 2619 αἱ
740 2560 806 2623 τῶν
838 2555 1012 2643 ἀνάνδρων
1036 2556 1192 2644 βουλαὶ
1217 2561 1301 2622 κατὰ
1327 2558 1442 2642 ιιαιρὸν

318 2671 562 2758 συμβουλῆς
587 2677 659 2754 τῆς
683 2674 826 2759 μαχίμου
851 2672 1097 2754 συστέλλονται,
1124 2675 1179 2738 καὶ
1204 2671 1351 2752 ἀγεννῶς
1363 2668 1440 2735 πολ-

318 2783 411 2861 λάκις
435 2785 670 2871 ἐκλιμπάνουσι
692 2794 733 2872 τῇ
751 2790 830 2873 πρὸς
851 2789 925 2864 τοιλς
946 2789 1118 2864 ἐναντίους
1130 2786 1249 2871 δειλίᾳ·
1263 2785 1318 2851 drot
1331 2789 1438 2865 τοῦτο,

316 2921 428 2984 φησιν,
465 2904 484 2964 o‘
514 2900 691 2976 ,Μενέλαος
722 2908 876 2980 γενναῖος
906 2902 1061 2989 ὑπάρχων
1096 2905 1169 2989 περὶ
1206 2902 1262 2967 τὸν
1298 2899 1439 2984 πόλεμον

316 3012 444 3091 α’γαθὸς
477 3016 536 3096 τὴν
561 3017 642 3102 βοὴν
668 3007 753 3080 εἶναι
779 3014 921 3096 λέγεται.
951 3015 1073 3104 Duplex
1095 3016 1205 3083 vitium
1228 3016 1373 3082 hocloco
1396 3035 1442 3080 re·

317 3126 396 3191 sidet
418 3127 451 3192 in
474 3128 627 3194 vocabulis
650 3127 769 3214 βουλαὶ
794 3136 825 3193 ct
849 3128 1044 3215 συμβουλῆς,
1069 3149 1139 3196 nam
1161 3131 1195 3195 in
1215 3136 1323 3196 neutro
1342 3128 1442 3216 requi-

316 3240 394 3306 ritur
427 3242 490 3308 sive
517 3240 621 3328 βουλὴ
653 3242 717 3306 sive
748 3243 812 3308 eius
842 3244 1042 3330 compositum
1071 3244 1232 3330 quoddam.
1264 3243 1442 3331 Lugendum

316 3364 377 3422 est:
404 3357 440 3426 αἱ
463 3359 528 3424 τῶν
552 3357 726 3443 α’νάνδρτον
751 3360 851 3445 βοαὶ
879 3361 963 3424 κατὰ
989 3361 1103 3445 καιρὸν
1125 3359 1339 3448 συμβολῆς
1356 3361 1441 3445 [τῆς

316 3471 373 3537 del.
410 3491 447 3537 ex
474 3471 678 3560 dittograpbia
708 3473 912 3560 praecedentis
945 3473 1034 3557 -λῆς
1066 3476 1192 3561 ortum]
1211 3474 1363 3560 μαχίμου
1388 3495 1440 3536 συ·

316 3585 522 3669 στέλλονται,
561 3589 616 3653 καλ
654 3575 802 3666 ἀγεννῶς
833 3588 992 3663 πολλάκις
1024 3588 1257 3673 ἐκλιμπάνουσι
1291 3595 1333 3674 τῇ
1363 3588 1442 3672 πρὸς

315 3702 390 3778 τους
414 3703 586 3780 ἐναντίους
611 3702 732 3787 δειλία,
757 3709 789 3772 ct
811 3705 854 3770 sio
876 3707 998 3772 demum
1021 3703 1153 3791 intelligi
1176 3710 1285 3792 potest,
1310 3722 1363 3768 cur
1386 3701 1439 3787 qui

314 3817 402 3883 fortis
436 3825 482 3884 est
516 3821 598 3905 βοὴν
630 3822 758 3897 α’γαθὸς
789 3818 916 3886 dicatur.
948 3819 1105 3885 Praeterea
1137 3816 1373 3883 συστέλλεσθαι
1405 3817 1443 3880 de

315 3931 463 3998 submisse
485 3952 558 3999 voce
580 3932 652 4012 dici,
677 3940 708 3999 et
731 3931 923 4018 ἐκλιμπάνει
946 3958 984 4016 με
1010 3938 1031 4013 ῆ
1054 3936 1143 4016 φωνὴ
1168 3933 1205 3999 de
1227 3955 1272 4011 σο,
1293 3931 1342 3997 cui
1362 3949 1443 4014 „vox

314 4045 450 4114 faucibus
481 4046 610 4128 haesit,''
635 4054 741 4113 notum
764 4056 820 4127 est,
843 4049 917 4134 qnid
941 4046 982 4112 sit
1003 4054 1024 4129 ῆ
1047 4048 1149 4134 βουλὴ
1175 4046 1385 4112 συστέλλεται
1410 4050 1451 4111 et'

314 4155 506 4245 εἰιλιμσὰυει
530 4169 551 4244 ῆ
574 4160 676 4250 βουλή
701 4181 803 4228 omncs
826 4163 1008 4248 ignoramus.
1034 4162 1152 4230 Deinde
1177 4184 1231 4252 pro
1254 4161 1437 4250 συμβουλῆς

314 4275 467 4364 scriptum
482 4283 600 4365 oportet
625 4276 797 4364 συμβολῆς,
821 4295 890 4342 nam
912 4299 974 4342 uon
997 4277 1030 4343 in
1053 4278 1181 4344 concilio
1204 4301 1262 4346 vox
1287 4277 1439 4365 trepidan-

312 4396 358 4455 tes
389 4391 500 4477 deflcit,
532 4392 583 4457 sed
614 4391 647 4456 in
676 4393 812 4458 tumultu
842 4398 873 4456 et
902 4411 1064 4480 congressu
1095 4391 1176 4459 belli.
1198 4392 1305 4465 'Quam
1335 4411 1441 4479 parum

312 4502 406 4591 βολῆ,
431 4502 533 4592 βουλῆ
558 4513 589 4571 et
611 4509 670 4594 βοῆ
696 4507 729 4573 in
753 4507 838 4573 codd.
864 4507 1013 4587 differant,
1039 4515 1145 4576 notum
1167 4515 1213 4574 est
1232 4507 1366 4586 cuilibet,
1388 4505 1441 4591 qui

312 4641 445 4706 unquam
468 4644 519 4687 eos
542 4617 683 4710 inspexit.
