3454 5330
778 649 819 709 85

238 843 279 920 τῇ
301 836 448 914 γυναικί,
473 833 578 915 ὥσπερ
602 837 620 896 o‘
641 836 759 916 ἄρρην·
783 870 883 882 ---—
907 835 961 898 καί
984 838 1198 918 συγκριτικῶς
1219 838 1262 910 ὣς
1285 840 1364 922 πρὸς

238 952 295 1022 τὰς
320 953 500 1033 γυναῖκας·
524 985 636 996 --
668 950 722 1010 καί
755 947 970 1033 οίνδροτὴς
1001 948 1042 1013 δέ
1068 957 1088 1031 ἡ
1111 953 1182 1014 τοῦ
1206 950 1363 1034 ἀνδρὸς

239 1063 257 1127 δ
265 1067 289 1126 ιί
295 1089 345 1128 να
353 1088 421 1146 μις
443 1071 464 1145 ἡ
487 1064 669 1126 ποιοῦσα
695 1060 903 1147 ,μίνδροτῆτα
927 1066 982 1127 καί
1005 1064 1121 1151 ἣβην.”
1145 1063 1197 1151 (Π.
1216 1065 1257 1130 Χ.
1273 1065 1362 1154 363).

238 1179 344 1245 Cetera
374 1178 529 1266 perspicua
552 1183 633 1254 sunt,
657 1183 688 1240 at
711 1177 871 1262 quidest:
900 1175 1060 1262 α’νδροτὴς
1088 1180 1238 1265 siguificat
1264 1185 1285 1260 ή
1307 1183 1363 1243 τοῦ

237 1292 357 1379 α’νδρός
377 1291 515 1375 δύναμις
538 1298 559 1373 ἡ
582 1292 789 1357 ποιοῦσαΡ
813 1293 903 1358 Nihil
923 1295 1038 1381 opinor.
1059 1295 1102 1358 Et
1120 1297 1363 1381 quominusoum

237 1406 435 1494 sequentibus
457 1407 556 1474 verbis
579 1431 614 1473 ea
636 1407 855 1492 coniungumus
875 1414 957 1473 vetat
977 1413 1116 1474 constans
1138 1411 1365 1476 scholiasternm

238 1524 434 1601 consuetudo,
455 1545 509 1588 suo
527 1523 617 1588 verba
635 1544 802 1608 numquam
820 1523 864 1586 ita
884 1523 1089 1608 coniungendi
1108 1547 1177 1589 eum
1189 1525 1228 1590 iis
1240 1549 1316 1613 quae
1327 1551 1365 1594 ex

240 1640 373 1705 Homero
403 1638 508 1716 citant,
539 1645 575 1703 ut
596 1660 688 1702 unum
712 1637 893 1704 senteutiam
916 1639 1055 1703 efficiant.
1080 1640 1141 1703 Sed
1164 1641 1211 1706 fae
1233 1641 1278 1706 ita
1300 1644 1365 1708 fieri

239 1755 337 1820 lioere.
363 1755 448 1826 Quid
470 1761 526 1831 est,
551 1777 672 1840 quaeso,
696 1751 856 1838 ἂνὸροτὴς
882 1753 1033 1840 signifieat
1054 1761 1074 1837 η’
1098 1758 1153 1818 τοῦ
1174 1755 1293 1841 ἀνδρὸς
1311 1757 1365 1822 διί-

241 1895 350 1952 ναμις,
375 1875 396 1950 ἠ
419 1870 557 1933 ποιοῦσα
581 1867 789 1951 ,μίνΰροτῆτα
817 1869 871 1931 καί
897 1867 1028 1954 ἥβην”Ρ
1051 1869 1138 1934 Num
1160 1877 1182 1951 ἡ
1204 1871 1364 1958 ἅνδροτὴς

241 1990 330 2049 ποιεῖ
357 1982 568 2068 οἷνδροτῆταΡ
600 1984 831 2048 Emendandum
862 1984 966 2049 oredo:
1001 1985 1055 2046 καί
1086 1983 1246 2070 ἄνδροτὴς
1278 1986 1313 2050 δέ
1345 1996 1366 2071 ἡ

240 2102 295 2163 τοῦ
331 2097 450 2183 ἀνδρὸς
485 2097 635 2181 δύναμις·
670 2083 858 2180 „tamid
883 2099 1071 2185 ἀνδροτῆτα
1095 2104 1150 2166 καί
1175 2105 1271 2189 ἥβην,
1296 2127 1367 2171 nom

240 2219 377 2301 spectant
398 2215 469 2280 haee
499 2214 693 2279 notissimum
715 2213 843 2279 Homeri
865 2215 975 2294 locum,
999 2217 1039 2283 Il.
1062 2218 1107 2282 H.
1134 2222 1198 2283 856
1223 2241 1304 2306 seqq.
1329 2221 1366 2286 de

240 2328 387 2393 Potroolis
409 2335 441 2393 et
463 2328 504 2393 X.
531 2331 594 2392 368
618 2329 656 2393 de
678 2327 820 2394 Hectoris
842 2335 955 2394 morte:

330 2447 419 2528 ψυχὴ
444 2440 475 2504 δ’
499 2443 534 2505 ἐκ
559 2440 683 2527 ῥεθέων
707 2441 858 2526 πταμένη
880 2440 1045 2508 ’Ἀϊᾶοσδε
1069 2446 1201 2530 βεβήκει

327 2559 365 2623 ὃν
389 2561 513 2640 πότμον
538 2559 675 2636 γοόωσα,
702 2555 829 2621 λιποῧσ’
853 2555 1040 2643 ἀνδροτῆτα
1064 2560 1120 2622 καί
1144 2562 1228 2646 ἥβην

239 2677 332 2741 Error
361 2675 433 2740 inde
463 2682 547 2740 ortus
577 2697 642 2740 esse
664 2674 795 2752 videtur,
819 2675 910 2758 quod,
935 2696 1029 2758 quum
1053 2674 1150 2740 soriba
1173 2696 1227 2761 pro
1251 2673 1282 2738 λι
1307 2677 1366 2741 sibi

240 2797 260 2871 η’
282 2791 366 2854 visus
389 2797 468 2854 esset
490 2789 601 2868 videre,
623 2790 705 2876 quod
729 2792 846 2875 poterut
867 2788 1018 2866 facillime,
1042 2811 1079 2853 ex
1099 2789 1224 2873 reliquis
1247 2791 1365 2869 ποῦσα,

239 2913 274 2970 ut
305 2905 410 2968 saltem
442 2903 591 2968 Graecum
622 2910 700 2968 esset
731 2903 919 2982 vocabulum,
952 2905 1090 2966 notorious
1121 2902 1203 2981 feeit,
1224 2905 1367 2987 quemad-

238 3020 363 3084 modum
393 3040 482 3106 supre
511 3017 644 3083 vidimus
675 3040 820 3103 sumpno
843 3016 976 3093 γελοίως
1005 3015 1199 3083 substituisse
1222 3016 1363 3096 λέγοιτο.

239 3135 273 3198 Si
297 3134 366 3217 quis
389 3139 489 3198 eutem
511 3132 570 3197 hoe
592 3131 762 3210 mirabitur,
787 3132 873 3197 citari
893 3132 984 3198 verba
1007 3132 1144 3210 Homeri,
1167 3155 1231 3198 non
1250 3134 1366 3200 adiecto

239 3248 281 3321 ὥς
305 3271 384 3311 ποτε
416 3245 478 3329 ἔφη
508 3246 557 3312 vel
579 3247 622 3321 οίς
654 3244 741 3324 λέγει
765 3250 783 3310 o‘
811 3250 948 3330 ποιητὴς
972 3246 1029 3326 vel,
1054 3245 1136 3330 quod
1158 3248 1366 3332 frequentissi-

239 3383 333 3439 mum,
357 3362 414 3438 ὥς,
439 3360 608 3426 consideret
630 3361 684 3424 hos
707 3360 805 3424 looos:
832 3359 877 3447 (p.
903 3364 977 3425 106.
1001 3361 1022 3424 l.
1048 3360 1103 3447 11)
1128 3363 1159 3446 β.
1183 3364 1256 3426 300.
1278 3360 1366 3426 οἰνιέ-

239 3500 346 3556 μενος.
382 3513 427 3523 -
462 3475 612 3557 σημαίνει
648 3471 683 3536 δέ
720 3470 927 3557 ε’κὸέροντας,
965 3477 1182 3554 γυμνοῦντας·
1219 3474 1365 3557 ,μόλπον

240 3586 409 3670 ἀνιεμένη,
435 3587 567 3673 ἑτέρῃσι
592 3586 627 3651 δέ
651 3586 756 3668 μαζὸν
779 3585 933 3671 οἰνέσχε.”
959 3587 1008 3672 (]].
1030 3586 1071 3650 X.
1095 3585 1164 3676 80.)
1184 3595 1215 3652 et
1239 3588 1267 3662 ζ.
1291 3591 1364 3653 327.

241 3701 286 3790 (p.
313 3706 387 3766 320.
410 3701 431 3766 l.
453 3700 523 3790 13.)
547 3704 583 3765 τὸ
607 3703 668 3786 γὰρ
693 3698 802 3774 δός-έν
824 3699 933 3785 εὐχαῖς
955 3705 1072 3764 κεῖται.
1092 3697 1169 3781 ,,δὸς
1189 3705 1230 3782 μὴ
1244 3700 1365 3765 Ὀδυσ-

242 3822 301 3897 σῆα
327 3814 554 3899 πτολίπορθον
576 3813 683 3880 οἴκαδ’
709 3813 875 3879 ἱκέσθαι.”
902 3813 973 3900 (Οᾶ.
999 3840 1021 3875 ι.
1049 3812 1140 3901 530),
1164 3837 1180 3878 e
1218 3821 1368 3899 praeterea

241 3953 270 4014 p.
296 3931 370 3992 324.
394 3929 415 3992 l.
441 3933 502 4007 103
526 3952 556 4015 p.
583 3929 782 4006 331.l.14;
807 3951 836 4014 p.
864 3930 937 3992 332.
964 3927 985 3990 l.
1014 3931 1044 4002 1,
1068 3933 1099 3991 et
1122 3927 1240 4014 saepius
1262 3928 1344 3994 alibi.

285 4041 359 4106 Non
388 4045 452 4106 tam
485 4048 566 4106 nerto
595 4041 803 4108 emendatione
825 4042 983 4107 restituere
1005 4062 1128 4127 possum
1149 4041 1250 4105 loeum
1271 4042 1367 4107 maui-

241 4155 318 4217 festo
341 4160 525 4240 corruptum,
550 4155 602 4238 qui
625 4155 805 4241 paulopost
826 4155 955 4240 legitur3
979 4154 1017 4219 ad
1040 4179 1072 4217 α.
1096 4158 1125 4230 2,
1148 4151 1248 4216 διὰτί
1260 4153 1366 4237 Ὅμη-

242 4290 296 4347 ρος
320 4264 357 4328 οὐ
389 4269 447 4333 τὸν
479 4265 645 4350 Ἀχιλλέα
675 4267 841 4349 ὀνομάζει,
867 4267 952 4333 etto
980 4269 1038 4332 τὸν
1061 4263 1226 4330 Ὀδυσσέα
1250 4266 1368 4331 πτολί-

244 4385 386 4461 πορθον,
419 4382 475 4443 καί
503 4382 608 4443 ταῦτα
639 4379 749 4456 πόλεις
774 4382 928 4465 ἀπείρους
948 4384 1006 4445 τοῦ
1030 4377 1215 4464 Ἀχιλλέως
1238 4386 1367 4464 πορθή-

245 4513 378 4569 σαντος,·
403 4495 458 4556 καί
484 4490 632 4573 λέγομεν,
658 4493 727 4555 ἐπεί
756 4492 974 4578 ὁἈχιλλειίς
999 4490 1152 4573 πολίδριά
1176 4516 1253 4556 τινα
1276 4491 1367 4555 έπέ-

247 4624 315 4689 σχε
328 4629 358 4683 ν,
380 4608 398 4668 o‘
410 4603 444 4670 dr*
458 4602 632 4682 Ὀδυσσεύς
646 4602 701 4667 διοί
722 4611 778 4685 τῆς
791 4607 913 4682 οἰκείας
926 4611 1100 4690 φρονήσεις
1113 4611 1173 4687 τὴν
1186 4631 1369 4690 περιφημον
