3454 5330
817 651 858 722 93

280 845 336 912 δυο
366 845 484 931 ήμέρας
518 850 574 912 τοῦ
605 848 768 924 ναυαγίου
801 850 917 926 εἰπεῖν,
943 835 1042 927 ἧττον
1068 847 1251 932 περιπαθίς
1276 853 1342 912 κτὲ.
1367 857 1398 914 et

277 961 357 1027 unde
386 962 495 1028 vitium
527 963 763 1048 unumquodque
794 968 895 1027 ortum
927 963 976 1040 sit,
1006 962 1039 1027 in
1069 965 1147 1028 clara
1169 963 1236 1027 luoe
1259 962 1397 1026 collocari

277 1081 383 1160 potest.
418 1075 520 1140 Prima
552 1077 621 1140 mali
652 1076 744 1155 labes,
776 1082 812 1140 ut
845 1076 905 1141 iam
937 1077 1114 1162 significavi,
1151 1099 1185 1141 ea
1215 1076 1283 1154 fuit,
1316 1076 1398 1161 quod

277 1189 373 1254 scriba
391 1191 423 1254 in
446 1193 582 1254 εἴκοστῶ
607 1190 667 1254 sibi
689 1190 773 1255 risus
796 1195 843 1256 est
864 1190 1042 1256 vocabulum
1067 1190 1273 1270 aladcvidere,
1286 1191 1398 1277 optime

278 1303 397 1386 quidem
429 1305 579 1369 Graecum
609 1311 640 1368 et
667 1305 784 1390 saepius
815 1305 849 1369 in
871 1305 1000 1369 Scholiis
1023 1312 1210 1392 usurpatum,
1242 1307 1294 1371 sed
1317 1327 1398 1370 nunc

276 1416 397 1501 quidem
430 1418 603 1482 alienuma
633 1419 693 1482 loci
725 1419 882 1484 sententia.
916 1418 1020 1490 Quum
1050 1441 1120 1484 vero
1148 1421 1231 1493 εἶκὸς
1254 1425 1299 1502 τῶ
1324 1419 1397 1483 scri-

276 1535 362 1615 ptum
395 1539 482 1610 essct,
518 1533 614 1597 scriba
647 1532 774 1618 proclivi
805 1554 903 1597 errore
933 1555 987 1618 pro
1019 1537 1175 1618 τεχνικῶς
1207 1533 1327 1619 scripsit
1349 1557 1396 1595 τε-

278 1649 391 1728 χνικῷ,
423 1668 462 1710 ne
493 1645 608 1710 scilicet
637 1645 781 1710 articulus
812 1651 857 1728 τῷ
889 1645 1079 1712 substantivo
1110 1652 1231 1710 careret.
1262 1645 1397 1709 Tandem

276 1757 351 1824 alius
380 1781 475 1844 quum
505 1760 537 1824 iu
569 1765 706 1845 τεχνικῷ
736 1761 809 1825 duas
839 1761 949 1846 primas
980 1760 1081 1825 literas
1108 1785 1141 1822 τε
1166 1759 1312 1824 coeteris
1335 1759 1397 1822 dis-

275 1872 432 1951 iunxissct,
452 1896 489 1938 ex
509 1873 633 1960 reliquis
654 1879 768 1960 χνικῷ,
790 1881 826 1938 ut
838 1875 942 1938 saltem
954 1881 1032 1939 esset
1052 1873 1200 1938 Graecum
1219 1872 1398 1939 vocabulum

277 1993 414 2071 χρονικῶ
444 1988 525 2065 fecit,
548 1988 635 2074 plane
658 1995 693 2052 ut
716 1988 805 2074 paulo
828 1991 897 2053 ante
919 1987 1062 2066 vidimus,
1086 1991 1179 2073 quoin
1202 1987 1235 2051 in
1259 1985 1397 2051 λιποῦσα

276 2100 387 2186 syllaba
418 2101 449 2165 λι
473 2103 507 2168 in
530 2109 550 2184 ή
573 2102 706 2181 abiisset,
731 2103 986 2187 exsequentibus
1012 2101 1146 2192 (ποῦσα)
1171 2104 1308 2166 ποιοῦσα
1333 2125 1397 2167 csse

276 2215 397 2280 factum.
422 2216 611 2282 Adverbium
631 2220 787 2301 τεχνικῶς
807 2239 965 2294 orreorum
985 2238 1111 2281 numero
1122 2222 1178 2294 est,
1191 2216 1300 2302 quibus
1313 2216 1398 2280 scho-

276 2328 379 2395 liastae
398 2329 495 2395 solent
514 2331 641 2396 Homeri
657 2331 705 2395 sui
724 2329 952 2395 admirationem
964 2329 1141 2415 significare,
1161 2335 1195 2392 ut
1207 2327 1395 2411 δαιμονίως,

276 2480 319 2491 -
341 2444 423 2529 quod
442 2443 682 2522 usitatissimum,
702 2481 747 2492 -
765 2446 885 2528 ἄκρως,
909 2445 1051 2520 εἰκότως,
1074 2447 1215 2515 συνετῶς
1234 2449 1266 2506 et
1276 2441 1396 2506 similia.

275 2555 412 2643 Legitur,
445 2583 473 2623 v.
506 2579 531 2622 c.
563 2559 601 2624 ad
633 2561 666 2643 β.
693 2561 769 2623 130.
794 2559 849 2622 καὶ
874 2542 967 2633 οὗτος
992 2561 1200 2642 τεχνικῶς
1223 2559 1312 2633 ἄγαν
1336 2560 1396 2636 τὴν

276 2669 465 2755 ἀντίρρησιν
498 2677 654 2749 ποιεῖται,
687 2677 718 2734 et
748 2696 778 2752 ῃ.
812 2673 885 2734 303.
912 2672 974 2734 ,καί
1008 2671 1156 2734 ἐνταῦθα
1188 2672 1397 2753 τεχνικῶς

274 2785 382 2858 ἄγαν
407 2787 425 2848 o‘
448 2782 621 2858 Ὀδυσσεδς
645 2782 869 2861 αἰτιολογεῖται,
895 2789 925 2846 et
949 2805 977 2845 σ.
1005 2787 1079 2859 269,
1103 2781 1157 2847 ubi
1178 2788 1279 2846 narrat
1301 2781 1396 2845 Pene-

273 2896 350 2983 lope,
374 2895 515 2982 Ulyssem
538 2897 661 2961 Troiam
683 2896 930 2984 proficiscentem,
955 2895 1124 2982 permisisse
1148 2895 1221 2961 sibi:

250 3033 252 3037 ’
364 3011 466 3095 αὐτὰρ
491 3013 572 3092 ἐπήν
598 3010 635 3092 δή
662 3010 767 3075 παῖδα
787 3015 1003 3091 γενειήσαντα
1027 3008 1132 3094 ἰ’δῃαι,

274 3206 277 3212 ¹
362 3129 504 3207 γήμασθ’
529 3112 557 3210 ᾧ
579 3131 608 3188 κ’
635 3124 817 3210 ἐθέλῃσθα,
843 3125 916 3191 τεὸν
943 3127 1026 3188 κατὰ
1053 3123 1144 3207 δῶμα
1169 3122 1320 3203 λιποῦσα,

274 3239 311 3302 ad
340 3261 416 3323 quae
446 3239 603 3303 adnotavit
633 3238 794 3303 scholiasta
816 3239 955 3322 quidam:
987 3244 1156 3325 τεχνικῶς.
1193 3243 1228 3302 τό
1252 3243 1312 3321 μὲν
1337 3239 1397 3319 γάρ

274 3351 443 3428 παντελῶς
469 3353 588 3438 εἴργειν
610 3353 666 3418 τὸν
689 3359 793 3437 γάμον
816 3355 975 3439 ἐπαχθὲς,
997 3356 1033 3417 τὸ
1054 3353 1088 3418 δὲ
1111 3356 1154 3428 εἷς
1168 3350 1397 3432 οἰνεπιτήδειον

274 3463 406 3545 ἡλικίαν
432 3473 621 3552 περιστήσαι
648 3473 796 3545 συνετόν,
823 3469 876 3551 qui
898 3467 982 3532 locus
1003 3475 1106 3533 nostro
1129 3465 1302 3530 simillimus
1321 3472 1374 3528 est.

289 3643 294 3664 ,
320 3580 347 3655 ζ.
376 3585 449 3646 305.
472 3582 624 3647 Nausicaa
648 3582 790 3646 admouet
812 3581 951 3665 Ulyssem
974 3583 1011 3644 ut
1029 3583 1160 3668 primum
1180 3579 1316 3643 omnium
1334 3599 1397 3640 ma-

274 3702 351 3759 trem
381 3719 465 3762 suam
495 3697 608 3762 Areten
639 3696 742 3760 adeat:
775 3701 796 3775 ή
827 3692 857 3758 δ’
889 3684 984 3774 ἧσται
1017 3695 1068 3756 ἐπ’
1102 3695 1217 3776 ἐσχάρῃ
1244 3693 1279 3756 ἐν
1298 3694 1397 3774 πυρὸς

276 3809 370 3894 αὐγῇ.
396 3811 447 3874 Ad
467 3813 517 3874 ἐπ’
540 3812 656 3898 ἐσχάρῃ
677 3810 789 3896 legitur
807 3811 840 3875 in
859 3809 900 3874 H.
921 3808 996 3872 οίντί
1017 3811 1073 3871 τοῦ
1095 3807 1153 3868 ἐπ’
1174 3807 1303 3892 ἐσχάρῃ,
1318 3805 1399 3890 quod

275 3923 301 3988 si
329 3925 450 4012 scripsit
482 3925 651 4005 scholiasta,
683 3949 786 3991 amens
819 3932 899 3989 certo
930 3923 999 3986 fuit
1030 3920 1216 3986 Insaniantis
1246 3921 1327 3985 enim
1354 3928 1400 3984 est

276 4041 326 4102 ἐπ’
359 4041 476 4125 ἐσχάρῃ
509 4059 562 4126 per
593 4039 644 4102 ἐπ’
678 4041 793 4126 ἐσχάρῃ
827 4039 983 4126 explicare.
1016 4037 1089 4101 Non
1116 4033 1245 4120 amplius
1268 4033 1335 4111 erit,
1361 4033 1396 4111 si,

274 4153 382 4218 collato
405 4153 518 4218 scholio
541 4155 579 4218 ad
603 4154 631 4230 ζ.
660 4158 702 4218 52
725 4161 756 4218 et
779 4179 809 4237 ῃ.
837 4157 901 4218 153
925 4174 962 4216 cx
985 4151 1055 4215 PT:
1080 4146 1163 4222 ἕζετ’
1190 4149 1241 4210 ἐπ’,
1267 4149 1395 4232 ἐσχάρῃ.

274 4265 350 4331 οἰντὶ
381 4270 437 4330 τοῦ
474 4274 568 4350 παρ’
605 4269 735 4353 ἐσχάρῃ,
769 4275 800 4332 et
830 4268 880 4332 hic
909 4265 1072 4330 scribatur:
1110 4261 1185 4326 α’ντλ
1216 4267 1272 4325 τοῦ
1304 4268 1397 4344 παρ’
1427 4273 1430 4279 ’

276 4382 403 4467 ἐσχάρῃ.
434 4381 508 4447 Fuit
538 4388 649 4460 autem,
682 4382 736 4465 qui
758 4381 832 4448 haec
854 4380 1025 4446 observavit
1047 4375 1214 4454 scholiasta,
1239 4399 1300 4440 non
1323 4375 1400 4441 alius

274 4515 365 4580 quam
394 4495 457 4582 ipse
487 4494 689 4571 Aristarchus,
723 4501 759 4559 ut
786 4519 823 4560 ex
854 4493 973 4560 Lehrsii
1007 4495 1144 4566 Quaestt.
1169 4489 1272 4576 Epiois
1295 4490 1399 4568 didici,

275 4631 303 4694 p.
337 4611 377 4673 87
382 4662 388 4674 .
414 4609 583 4692 „Observat
615 4609 833 4697 (Aristarchus)
858 4610 1018 4694 aliquoties
1042 4607 1075 4671 in
1097 4605 1241 4690 exemplis
1266 4603 1320 4670 ubi
1346 4603 1399 4667 ε’πί
