3454 5330
791 695 855 757 107

265 881 332 945 ]οσο
355 881 527 956 Homerico,
552 879 602 944 cni
625 878 784 944 scholiasta
802 879 834 942 id
858 878 1018 956 addiderit,
1039 902 1108 944 nam
1131 879 1164 944 in
1179 881 1314 966 margine
1336 881 1389 946 ob-

206 975 210 980 *
267 994 486 1060 sectationibus
509 994 619 1058 referto
641 993 714 1057 ordo
736 1015 838 1058 versus
860 994 940 1057 inter
962 1000 994 1058 et
1016 992 1129 1058 scholia
1148 994 1258 1059 servari
1270 995 1385 1080 nequit.

306 1108 357 1172 Sic
387 1108 424 1172 ad
456 1105 486 1170 λ.
520 1109 595 1184 452,
627 1107 836 1190 Agamemnon
859 1105 963 1190 Ulyssi
987 1129 1018 1170 se
1041 1105 1121 1193 apud
1143 1107 1254 1171 inferos
1277 1107 1387 1173 visenti

262 1222 335 1286 haec
357 1221 532 1307 respondet:
870 1241 874 1248 ’

261 1340 306 1416 τῷ
329 1337 388 1398 νῦν
409 1338 531 1417 μήποτε
545 1335 599 1396 καί
614 1334 651 1395 σύ
664 1333 799 1411 γυναικί
812 1358 871 1416 περ
891 1336 986 1411 ἤπιος
1000 1327 1098 1398 εἶναι·
1112 1371 1157 1382 —-
1169 1372 1212 1383 —
1225 1332 1284 1420 (vs.
1298 1335 1385 1419 441.)

264 1445 337 1510 ἀλλ’
351 1447 387 1512 οὐ
402 1448 452 1511 σοί
465 1453 510 1525 γ’,
524 1445 673 1524 Ὀδυσεῦ,
689 1449 787 1528 φόνος
800 1445 927 1510 ἔσσεται
942 1445 977 1509 ίίι
991 1471 1025 1525 γε
1039 1451 1207 1525 γυναικός·
1218 1484 1263 1495 -
1280 1446 1383 1534 (444.)

262 1567 282 1640 η’
302 1559 332 1624 δ’
353 1562 410 1641 ε’μὴ
428 1558 503 1623 οὐδέ
524 1585 583 1641 περ
606 1554 677 1632 οἶος
702 1557 944 1641 ἐνιπλησθῆναι
964 1563 1093 1635 ἄκοιτις
1114 1561 1194 1645 (452
1214 1561 1310 1646 seqq.)

260 1672 482 1756 ὀφθαλμοῖσιν
507 1673 591 1737 ἐάσε·
617 1677 719 1758 πάρος
743 1671 777 1736 δὲ
801 1691 839 1754 με
864 1671 967 1755 πέφνε
993 1676 1047 1737 καί
1073 1673 1186 1738 αὐτόν.

260 1784 342 1850 ἄλλο
367 1785 402 1850 δί
427 1812 476 1850 τοι
503 1785 590 1871 ε’ρία,
615 1788 652 1850 σε)
677 1785 707 1849 δ’
732 1785 780 1851 ἐνί
806 1789 896 1871 φρεσί
921 1784 1040 1872 βάλλεο
1066 1795 1170 1870 σῇσιν·

263 1898 420 1986 κριίβδην,
445 1899 520 1982 μηδ’
545 1898 736 1982 οίναφανδοί,
763 1897 863 1983 φίλην
889 1901 919 1973 ἐς
944 1899 1089 1984 πατρίδα
1113 1907 1227 1979 μαῖαν,
1266 1904 1340 1965 455.

262 2021 323 2094 νῆα
348 2012 591 2100 κατισχέμεναι·
619 2014 688 2078 ἐπεί
713 2011 823 2076 οὐκέτι
850 2015 949 2076 πιστὰ
974 2012 1141 2091 γυναιξίν.

261 2126 335 2191 ἀλλ’
358 2131 418 2205 ἄγε
442 2152 496 2209 μοι
521 2125 594 2191 τόδε
620 2129 688 2190 εἰπὲ
714 2129 768 2190 καί
794 2125 952 2211 α’τρεκίιος
978 2126 1172 2206 κατάλεξον,

260 2242 289 2305 εί
311 2266 376 2306 πον
400 2241 449 2305 ἔτι
474 2242 615 2316 ζώοντος
639 2241 771 2306 οἰκοιίετε
796 2239 914 2313 παιδὸς
938 2239 1040 2322 ὲμοῒο,

184 2373 187 2379 ·
262 2359 282 2434 ἤ
304 2380 369 2419 πον
393 2353 429 2420 ἐν
453 2359 651 2440 Ὀρχομενῷ,
676 2359 697 2435 η’
721 2355 755 2418 ἐν
780 2352 883 2436 noto
906 2358 1099 2436 ἠμαθόεντι,

262 2474 283 2549 ἠ·
305 2493 369 2532 που
393 2492 459 2551 παρ
483 2466 646 2550 Μενελάῳ
670 2469 719 2532 ε’νὶ
744 2471 885 2552 Σπάρτη
911 2466 1027 2552 εὐρείῃ·
1265 2470 1339 2532 460.

261 2582 297 2646 οὐ
321 2589 382 2665 γάρ
406 2607 456 2646 πω
479 2580 642 2664 τίθνηκεν
668 2584 720 2644 ε’πί
746 2585 844 2666 χθονί
870 2580 940 2656 δῖος
965 2581 1129 2664 Ὀρέστης.

260 2697 298 2760 In
316 2695 364 2760 his
386 2695 481 2781 igitur
503 2695 639 2760 versibus
662 2695 700 2760 ad
723 2698 787 2759 452
811 2696 843 2760 in
866 2695 931 2759 cod.
957 2695 989 2759 H
1012 2702 1074 2760 est:
1099 2695 1173 2758 οὐδεΙ
1199 2683 1288 2760 οὗτοι
1310 2694 1381 2776 ἐφέ-

261 2833 357 2892 ροντο
390 2809 425 2873 ἕν
456 2813 525 2882 τοῖς
556 2805 734 2885 πλείστοις,
767 2809 818 2882 ὡς
841 2813 1079 2893 μαχόμενοι
1105 2814 1195 2881 τοῖς
1219 2833 1381 2893 προκει-

257 2921 303 3005 με’
314 2946 415 2994 νοις.
443 2920 596 2993 Quoniam
619 2928 719 2986 autem
742 2943 840 3004 neque
858 2943 901 2985 vs.
924 2924 989 2985 452
1008 2943 1106 3006 neque
1124 2945 1168 2987 vs.
1184 2925 1248 2986 453
1268 2920 1384 3005 aliquid

258 3033 380 3116 habent,
410 3034 492 3120 quod
523 3057 590 3098 cum
624 3034 870 3121 praecedentibus
893 3043 1017 3122 pugnet,
1041 3035 1218 3101 Dindorfius
1239 3036 1272 3100 in
1292 3057 1383 3100 anno·

259 3149 373 3214 tatione
402 3147 497 3212 dixit:
530 3147 707 3229 „annotatio
737 3147 804 3212 loco
823 3147 921 3213 alieno
944 3149 1042 3235 posite
1064 3155 1179 3235 spectat
1199 3150 1324 3214 fortasse
1346 3150 1383 3212 ad

259 3284 286 3324 v.
321 3261 528 3326 454-456.”
561 3261 622 3326 Sed
652 3261 684 3326 hi
715 3283 835 3326 versus:
867 3259 950 3325 ἄλλο
980 3259 1015 3324 δέ
1040 3287 1090 3326 τοι
1112 3299 1157 3310 -
1179 3263 1247 3326 ἐπεί
1272 3260 1380 3326 οὐκέτι

259 3377 358 3438 πιστὰ
389 3372 544 3452 γυναιξίν
575 3373 688 3439 habent
716 3375 839 3458 quidem
865 3375 989 3440 eandem
1012 3376 1200 3454 sententiam,
1225 3398 1301 3460 quae
1322 3375 1383 3440 iam

258 3511 356 3576 supra,
390 3511 433 3555 vs.
467 3491 643 3552 441-443
675 3487 756 3552 dicta
785 3494 857 3564 erat,
891 3489 941 3553 sed
974 3495 1005 3553 et
1034 3489 1072 3553 de
1102 3489 1150 3554 his
1172 3490 1233 3556 dici
1257 3489 1379 3572 nequit:

258 3599 331 3688 (οὐκ
355 3599 538 3688 ἐφίροντο,)
563 3601 605 3674 ὥς
628 3603 868 3684 μαχόμενοι
893 3606 961 3674 τοῖς
986 3600 1222 3684 προκειμένοις.
1245 3600 1383 3665 Fortasse

257 3714 354 3780 lucem
378 3715 504 3799 accipiet
532 3714 590 3778 hoc
612 3714 746 3779 scholion
770 3715 796 3777 si
819 3715 989 3778 conferatur
1012 3737 1080 3779 cum
1103 3737 1147 3790 eo,
1172 3714 1255 3797 quod
1277 3713 1383 3778 itidem

256 3850 293 3891 ex
316 3828 348 3891 H
371 3826 409 3891 ad
431 3849 474 3890 vs.
497 3831 560 3891 458
582 3850 650 3892 cum
669 3826 824 3892 lemmate:
848 3826 877 3890 εί
897 3851 960 3890 ποιι
982 3826 1030 3890 ἔτι
1045 3826 1185 3901 ζώοντος
1198 3827 1381 3914 adscriptum

256 3947 317 4004 est:
350 3939 519 4003 ἅθετεῐται
553 3938 607 4004 διὰ
640 3942 676 4003 τὸ
708 3941 834 4022 εὔηθες.
870 3942 900 4002 εἷ
928 3942 989 4023 γὰρ
1022 3938 1192 4003 ε’πίπειστο
1216 3940 1267 4003 ὅτι
1292 3940 1382 4003 οὔπω

256 4049 409 4134 τέθνηκε,
443 4053 522 4135 πρὸς
554 4054 586 4115 τί
619 4055 733 4136 ἐρωτᾷ,
758 4056 779 4132 ἤ
802 4078 865 4117 που
890 4051 938 4116 ἔτι
964 4052 1105 4127 ζώοντος
1129 4052 1277 4128 οἷκονετε,
1300 4050 1382 4116 Vera

255 4165 327 4230 haec
350 4168 430 4230 sunt.
454 4165 607 4243 Attamen,
632 4166 657 4229 si
679 4166 730 4230 hic
749 4188 853 4232 versus
873 4172 1072 4253 expungatur,
1091 4165 1263 4249 sequentia:
1284 4169 1380 4244 ἦπου

255 4279 289 4342 ἓν
314 4282 499 4363 Ὀρχομενῷ
524 4281 589 4340 κτὲ.
621 4287 685 4363 non
712 4278 825 4344 habent
847 4280 928 4344 unde
950 4278 1109 4365 pendeant.
1135 4278 1184 4342 Ad
1206 4278 1261 4342 hos
1284 4277 1380 4361 igitur

253 4413 365 4468 versus,
396 4413 503 4476 nempe
531 4414 576 4456 va.
603 4395 666 4456 459
699 4396 730 4456 et
762 4396 836 4456 460.
861 4396 881 4471 ἤ
905 4417 968 4455 πον
993 4393 1027 4455 ἐν
1052 4395 1237 4476 Ὀρχομενῷ
1261 4392 1376 4456 -ἐνί

253 4507 392 4586 Σπάρτη
418 4502 533 4587 εὐρείῃ,
550 4505 654 4568 1τοίστο
677 4504 753 4568 iliud
774 4505 920 4582 scholion,
941 4505 1032 4590 qnod,
1053 4505 1090 4568 ad
1102 4527 1146 4568 vs.
1161 4507 1225 4568 452
1237 4503 1379 4590 positum,

255 4615 291 4680 ad
320 4637 364 4679 va.
390 4619 565 4680 454-456
594 4617 702 4684 referre
724 4617 843 4685 volabat
865 4617 1052 4696 Dindorfius,
1077 4618 1179 4700 itaque
1202 4622 1269 4706 post
1291 4616 1377 4684 scho-
