3442 5330
791 676 832 736 19

281 862 386 926 Etiem
408 863 442 927 in
464 862 524 940 his,
550 860 580 925 δ.
610 863 682 939 771,
708 860 762 925 ubi
786 861 823 925 de
845 860 1099 949 Penelopeproci
1123 863 1247 928 dieunt:

354 971 394 1058 „d
418 975 508 1058 μάλα
534 975 572 1056 δὴ
597 981 700 1056 γάμον
724 979 806 1057 ἄμμι
831 974 1042 1059 πολυμνήστη
1065 977 1221 1061 βασίλεια

353 1090 479 1173 α’ρτιίει,
505 1086 581 1152 οὐδέ
606 1114 636 1152 τι
662 1083 749 1153 οἶδεν
773 1089 790 1150 ό
816 1090 855 1152 οί
878 1092 976 1169 φόνος
1000 1084 1047 1153 υίι
1072 1089 1261 1169 τίτυκται,”

239 1205 317 1269 male
348 1205 533 1290 explicatum
565 1210 611 1266 est
643 1203 720 1267 illud
744 1203 776 1265 οἱ
797 1202 831 1266 iu
853 1203 935 1267 huuc
957 1205 1097 1269 modum:
1122 1204 1172 1267 ότι
1197 1207 1295 1286 φόνος
1320 1213 1364 1288 τῷ

240 1319 301 1400 υἱῷ
323 1317 423 1398 αὐτῆς
448 1314 676 1400 ηὐτρέπισται·
702 1323 723 1397 ἡ
746 1317 807 1396 γὰρ
833 1317 872 1379 οἱ
894 1315 968 1381 οἰντί
994 1325 1125 1398 γενικῆς
1150 1319 1228 1381 ἔστι.
1252 1319 1370 1385 Absur-

241 1431 310 1494 dius
333 1431 434 1508 etiam,
460 1431 487 1493 si
510 1430 575 1494 fieri
598 1436 706 1516 potest,
734 1452 762 1491 σ.
791 1429 809 1492 8
834 1430 872 1493 de
895 1429 956 1507 Iro,

420 1545 455 1616 ός
482 1545 511 1626 ῥ’
537 1541 646 1607 ἐλθὼν
672 1541 817 1622 Ὀδυσῆα
842 1541 978 1606 διώκετο
1003 1535 1052 1606 οίο
1077 1543 1190 1626 δόμοιο

245 1681 276 1722 se
294 1642 522 1744 expediverrmt
547 1657 680 1721 medium
705 1655 841 1720 διώκετο
865 1657 908 1721 ite
926 1657 1158 1744 interpretantes
1179 1662 1367 1741 παθητικόν

189 1769 191 1774 ’
243 1771 318 1834 ἀντὶ
344 1773 568 1854 ἐνεργητικοῠ,
593 1777 724 1854 suntque
747 1770 842 1834 multa
865 1770 1083 1847 huiuscemodi,
1110 1793 1186 1855 quae
1208 1794 1290 1836 nune
1310 1795 1370 1838 uon

245 1885 380 1949 studiose
403 1884 591 1967 conquiram.

287 1999 354 2062 Nee
389 2019 457 2060 raro
492 1996 764 2061 comminiscuntur
798 1997 975 2062 scholiastae
1009 1997 1238 2064 absurdissimas
1272 2001 1369 2066 varias

244 2111 399 2189 lectiones,
424 2133 461 2174 ex
485 2111 649 2196 scripturae
672 2109 757 2174 vitiis
781 2116 870 2187 ortas,
894 2118 930 2174 ut
952 2111 984 2196 sl.
1012 2115 1072 2175 87:

383 2225 432 2288 σοί
458 2222 488 2286 δ’
515 2225 585 2286 οὔτι
609 2231 787 2305 μνηστῆρες
813 2222 968 2308 Ἀχαιῶν
994 2224 1096 2288 α’ίτιοί
1121 2227 1215 2303 εἰσιν,

247 2339 320 2401 haec
349 2337 561 2423 suppeditetur
589 2336 788 2423 pulcherrima
819 2336 938 2400 varians
961 2337 1067 2402 lectio:
1092 2363 1143 2423 γρ.
1169 2341 1225 2402 καί
1249 2338 1368 2424 α’χίων,

247 2454 348 2528 ἤγουν
383 2454 450 2514 τῶν
487 2448 652 2533 θλίψεων,
688 2457 709 2530 ἡ
742 2448 833 2522 ὀξεῖα
868 2452 957 2532 παρὰ
989 2456 1034 2534 τῷ
1067 2459 1186 2536 ποιητῇ
1218 2453 1367 2530 ἐκτείνει,

248 2565 329 2646 quod
361 2585 451 2651 supra
482 2585 572 2646 quam
600 2563 661 2628 dici
689 2568 788 2648 potest
811 2562 973 2627 ridiculum
997 2571 1052 2642 est,
1077 2587 1114 2628 ex
1136 2565 1246 2630 vitiosa
1268 2586 1371 2629 recen-

247 2677 360 2742 tiorum
389 2677 638 2763 pronunciatione
669 2682 779 2741 ortum.
811 2675 859 2739 Ex
890 2677 983 2741 simili
1006 2679 1068 2742 fere
1088 2700 1175 2742 eausa
1197 2683 1302 2741 natum
1325 2685 1371 2741 est

248 2791 330 2855 aliud
359 2814 420 2854 non
453 2791 554 2854 minus
585 2796 793 2876 portentosum
816 2791 853 2853 ad
877 2816 906 2873 ρ.
934 2795 1008 2855 529.
1032 2789 1255 2872 Colloquuntur
1276 2791 1371 2856 Pene-

247 2903 315 2988 lope
338 2911 368 2967 et
390 2905 552 2980 Eumaeus,
577 2904 614 2967 de
638 2903 747 2988 Ulysse
771 2903 902 2968 mendici
925 2909 1007 2968 veste
1026 2910 1057 2967 et
1074 2903 1369 2970 habituindomum

249 3039 333 3080 suam
356 3017 540 3081 introducto.
575 3015 701 3087 Quaerit
725 3040 762 3081 ex
785 3017 918 3081 Eumaeo
940 3016 1097 3102 Penelope,
1122 3017 1204 3081 cuias
1227 3018 1267 3081 sit
1287 3041 1363 3082 men·

248 3130 333 3193 dicus
362 3131 423 3208 ille,
453 3136 575 3194 etcum
599 3153 634 3195 eo
658 3152 689 3193 se
712 3129 844 3213 colloqui
868 3129 943 3194 velle
967 3130 1125 3215 significat,
1150 3139 1369 3216 percontatum,

248 3265 286 3306 au
318 3242 368 3307 ille
399 3242 539 3327 Ulyssem
570 3243 682 3308 viderit
714 3243 763 3308 vel
793 3243 831 3306 de
854 3265 889 3306 eo
909 3243 1092 3308 inaudiverit
1115 3244 1247 3327 eliquid3
1271 3244 1370 3328 loqui-

248 3364 358 3438 turque
381 3357 442 3420 ite:

318 3467 421 3552 ἔρχεο,
448 3467 540 3552 δεῦρο
565 3468 733 3546 κάλεσσον,
763 3467 842 3556 (scil.
867 3473 923 3534 τόν
949 3471 1092 3554 πτωχόν)
1118 3472 1163 3534 ἵν’
1188 3469 1304 3533 οίντίον

1106 3583 1215 3668 (αὐτός
1240 3581 1367 3664 ἐνίσπῃ.

253 3693 315 3756 Vix
345 3693 487 3758 credibile
516 3701 572 3771 est,
604 3695 637 3757 iu
668 3695 783 3779 optimo
817 3693 980 3760 Harleieno
1010 3695 1048 3758 ad
1070 3694 1152 3772 haec,
1169 3681 1221 3757 Ιἵν’
1250 3692 1366 3755 οἷντίον

252 3805 348 3878 αὐτὸς
385 3808 500 3890 ἐνίσπῃ
535 3807 688 3870 adnotari:
725 3832 775 3889 γρ.
813 3808 859 3870 ἵν’
892 3808 1085 3883 Ἀντίνοος,
1118 3806 1369 3891 quemadmodum

253 3917 356 4002 ἀχέων
381 3941 469 4006 supra
492 3919 524 3982 in
547 3920 703 3984 Marciano
732 3920 878 4005 scriptum
901 3928 956 3998 est,
980 3928 1010 3985 et
1032 3920 1098 4006 ipso
1121 3919 1222 3985 codiee
1245 3918 1369 4004 optimo,
1464 3926 1467 3931 ’

255 4039 285 4094 et
307 4028 394 4117 paulo
416 4037 494 4110 ente,
519 4059 548 4116 ρ.
575 4036 627 4109 50,
651 4033 759 4096 itidem
782 4054 819 4096 ex
841 4031 884 4098 H.
908 4031 1153 4119 ρτοτεληίσσας
1173 4034 1369 4118 ἑκατόμβας,

257 4169 304 4228 γρ.
338 4143 504 4230 Τηλέμαχ’
535 4148 728 4230 ἑκατόμβας,
753 4145 807 4209 ubi
829 4152 930 4210 tamen
951 4145 1138 4210 Buttmanno
1161 4143 1276 4228 aliquid
1300 4145 1372 4210 sub-

257 4257 338 4321 oluit.
370 4259 487 4324 Iterum
519 4281 555 4322 ex
589 4259 620 4322 H
643 4258 715 4322 haec
739 4265 811 4321 sunt
834 4259 870 4322 ad
893 4281 957 4324 voc.
982 4255 1203 4338 κυδαλίμοισι,
1227 4255 1258 4333 ξ,
1287 4263 1369 4322 206:

259 4395 305 4454 γρ.
330 4371 551 4453 ἠνδαλίμοισι,
586 4373 666 4455 quod
689 4373 840 4437 Porsonus
864 4372 968 4437 docuit
989 4375 1094 4434 natum
1117 4392 1180 4433 esse
1203 4391 1240 4432 ex
1264 4372 1372 4437 simili-

258 4485 359 4549 tudine
382 4508 513 4550 nexuum
538 4511 578 4567 ην
603 4491 634 4548 et
658 4511 708 4548 κυ.
736 4486 856 4571 (Odyss.
881 4494 953 4548 tom.
978 4482 1040 4546 ΠΙ.
1064 4506 1092 4568 p.
1118 4483 1183 4566 88).
1207 4482 1280 4547 Non
1303 4508 1371 4572 pro·

259 4596 338 4694 tavit
357 4579 505 4685 optimam*
521 4598 759 4664 emendationem
778 4598 975 4674 Buttmenuo,
995 4595 1067 4662 haec
1083 4595 1254 4660 obiicienti:
1279 4601 1374 4682 „Por-
