3442 5330
805 665 844 724 27

262 847 341 911 haee
365 847 516 912 scribens:
543 847 637 927 „Non
659 845 859 928 satisfaciunt,
885 867 960 929 qnae
984 846 1021 909 ad
1044 846 1101 910 hoo
1123 848 1268 912 scholium
1289 871 1389 912 emen-

261 961 400 1025 dandum
424 961 576 1047 proposui.
600 960 683 1024 Nam
702 959 729 1023 si
749 964 864 1024 τοῦτον
887 957 921 1021 δὲ
944 960 1092 1044 ponimns,
1105 961 1142 1024 de
1153 962 1388 1044 Agamemnone,

258 1075 349 1138 nulla
378 1082 424 1139 est
454 1074 606 1160 oppositio
635 1075 716 1137 inter
735 1073 808 1138 haee
832 1071 940 1156 λάθρα
964 1081 996 1138 et
1018 1072 1092 1136 οὐδὲ
1118 1073 1264 1138 ἔννοιαν.
1290 1075 1388 1139 Immo

255 1195 392 1273 apparet,
413 1189 486 1253 haec
506 1187 580 1251 οὐδὲ
602 1187 738 1252 ἔννοιαν
761 1187 939 1272 respondere
958 1188 1024 1251 voci
1046 1188 1192 1252 οἷνωϊοτί.
1209 1188 1277 1253 Hoe
1289 1196 1388 1253 autem

256 1302 325 1384 agit
350 1302 532 1366 Scholiastes
555 1307 590 1365 ut
613 1301 808 1376 demonstret,
833 1300 985 1385 postilla,
1013 1299 1133 1384 λάθρη,
1157 1300 1304 1379 avaron,
1320 1303 1388 1364 ἐπί-

256 1437 358 1478 τασιν
383 1437 446 1479 esse
469 1415 503 1479 in
526 1415 573 1479 his
597 1410 848 1497 δόλῳ-ἀλόχοιο.
877 1413 977 1483 Quare
999 1414 1099 1477 locum
1122 1437 1204 1477 nune
1224 1421 1308 1480 tento
1326 1417 1385 1480 ita:

262 1531 381 1612 συχνοὶ
411 1531 471 1608 μὲν
503 1531 564 1610 γάρ
589 1529 644 1590 καὶ
669 1525 779 1609 λάθρα
805 1524 1190 1610 ἐπεβουλεύθησαν
1216 1535 1305 1602 τοῖς
1330 1531 1388 1612 ἐχ-

260 1646 406 1722 θροῖς·
440 1643 512 1722 περὶ
544 1644 601 1704 τὸν
635 1643 750 1721 καιρὸν
776 1637 810 1701 δὲ
836 1615 1085 1719 σφαλέντος
1110 1645 1287 1714 τούτους
1312 1639 1386 1704 οὐδὲ

256 1753 398 1818 ἔννοιαν
424 1750 540 1838 λαβεῖν
565 1777 641 1835 φησι
669 1756 722 1836 (so.
748 1757 766 1816 ό
789 1750 983 1838 Μενέλαος)
1008 1757 1063 1815 τοῦ
1085 1751 1205 1816 δεινοῦ.
1225 1757 1261 1815 τὸ
1276 1751 1386 1820 ,otono

259 1877 318 1947 τῆς
353 1873 549 1948 πιστοτάτης
582 1864 817 1949 ἐνεδρευθῆναι
850 1903 895 1912 -
928 1871 971 1947 τῷ
995 1873 1086 1949 μοχῲ
1111 1872 1178 1930 τῶν
1203 1864 1321 1931 δεινῶν
1346 1891 1385 1932 so.

257 1980 367 2043 ἐστι’.”
393 1979 499 2063 (Dind.
525 2001 553 2064 p.
580 1982 654 2043 183.
677 1978 767 2061 not).
800 1978 885 2043 Haeo
908 2000 989 2055 vero,
1013 1981 1094 2062 qnod
1117 1979 1304 2045 Buttmanno
1327 2004 1388 2045 non

255 2115 348 2178 saepe
377 2092 496 2169 accidit,
528 2093 579 2156 vix
603 2091 752 2155 eiusmodi
774 2098 855 2168 sunt,
879 2097 915 2155 ut
938 2115 972 2156 ea
994 2093 1124 2157 refutare
1144 2116 1219 2178 opus
1242 2094 1291 2158 sit.
1321 2095 1387 2158 Iam

256 2207 393 2292 primum
422 2212 553 2270 mantem
584 2204 768 2269 scholiastae
798 2226 861 2267 non
891 2212 971 2270 reete
999 2207 1087 2292 oepit.
1112 2207 1185 2271 Non
1209 2208 1289 2271 enim
1313 2209 1385 2270 ἐπί-

256 2341 355 2391 τασις
389 2325 444 2396 est,
478 2325 514 2382 ut
548 2319 688 2404 opinatur
722 2317 938 2396 ButtmannnS‚
973 2320 1007 2383 in
1040 2320 1101 2384 illis
1133 2318 1383 2404 δόλῳ-ἀλόχοιο,

257 2435 298 2498 de
331 2433 556 2516 Agamemnone
585 2433 658 2508 solo,
686 2438 754 2517 post
779 2430 900 2516 λάθρη,
927 2434 1076 2510 α’νωϊστὶ,
1102 2434 1295 2517 quodetiam
1319 2435 1386 2498 aliis

255 2545 381 2623 accidit,
412 2545 465 2609 sed
495 2545 631 2629 gradatio
657 2546 759 2610 estin
783 2546 912 2631 singulis
936 2547 1034 2611 tribus
1058 2547 1172 2623 incisis,
1198 2554 1232 2610 ut
1255 2547 1386 2632 primum

256 2660 358 2725 levius
395 2660 436 2724 sit
473 2660 614 2736 seeundo,
654 2659 818 2724 secundnm
855 2660 952 2723 levius
989 2659 1089 2736 tertio,
1126 2667 1156 2723 et
1188 2659 1383 2743 significetur,

258 2774 373 2838 multos
403 2773 477 2838 alios
508 2771 617 2856 λάθρη
649 2771 946 2858 ἐπιβουλευθῆναι,
981 2774 1238 2857 Agamemnonem
1262 2795 1331 2838 vero
1354 2778 1385 2838 et

257 2887 370 2970 λάθρᾳ
402 2893 433 2952 et
462 2887 553 2952 simul
584 2887 718 2952 οἷνωϊστλ
751 2896 781 2953 et
814 2887 904 2952 simul
928 2885 1178 2971 δόλῳ-ἀλόχοιο.
1204 2888 1323 2953 Deinde
1345 2911 1384 2953 ne

256 3001 337 3064 illud
360 3001 483 3084 quidem
505 3001 720 3085 negligendum
743 3007 799 3078 est,
825 3003 851 3065 si
874 3002 922 3066 vel
942 3002 1072 3066 maxime
1082 3001 1194 3068 ultima
1203 3002 1383 3067 Buttmanni

256 3115 429 3179 emendatio
460 3115 561 3178 sensui
592 3121 662 3200 apta
691 3121 780 3191 esset,
813 3121 915 3179 tamen
938 3137 990 3202 per
1015 3114 1195 3180 Graecitatis
1218 3117 1298 3201 leges
1321 3139 1382 3181 non

255 3228 348 3292 licere
367 3227 465 3292 dicere
486 3229 600 3311 συχνοὶ
622 3265 665 3275 -
686 3225 974 3311 ἐπεβουλεύθησαν
1000 3233 1067 3301 τοῖς
1092 3229 1223 3311 ἐχθροῖς
1247 3251 1301 3315 pro
1319 3229 1381 3293 ὑπὸ
1455 3209 1459 3214 ⁴

256 3345 324 3405 τῶν
356 3342 499 3424 ἐχθρῶν,
532 3342 613 3425 quod
645 3348 764 3406 tantum
796 3341 896 3405 virum
927 3341 1157 3427 praetervidisse
1183 3343 1256 3406 satis
1278 3343 1381 3407 mirari
1461 3413 1463 3418 ,

256 3477 319 3519 non
342 3477 472 3540 possum.

300 3567 350 3631 Ad
375 3594 397 3628 ι.
426 3571 507 3631 564:
533 3566 605 3647 ἑξῆς
631 3565 661 3629 d’
686 3567 830 3647 ἑζόμενοι
856 3564 975 3646 πολιὴν
1000 3565 1065 3629 ἅλα
1090 3572 1213 3631 τάπτον
1238 3567 1380 3648 ἐρετμοῖς

259 3681 333 3744 haee
364 3702 400 3744 ex
424 3681 454 3751 Q
484 3680 581 3744 edidit
613 3679 834 3745 Buttmannus:
867 3678 919 3742 διὸ
953 3681 987 3768 (f.
1022 3678 1124 3763 διατί)
1157 3680 1230 3750 τούς
1261 3682 1380 3753 τόπους

256 3791 369 3866 ἁπλῶς
401 3790 486 3870 λέγει
520 3791 738 3875 „Kertonos
767 3792 798 3854 δ’
825 3795 856 3866 ἐς
880 3792 1003 3870 γαῖαν”
1031 3793 1132 3876 (106),
1158 3789 1325 3873 ,Αἰολίην
1349 3799 1386 3874 ρ’·

258 3908 289 3979 ἐς
314 3906 434 3985 νησον”
459 3905 504 3994 (ιι.
532 3907 576 3990 1),
601 3911 663 3970 ποῦ
689 3904 723 3969 δὲ
750 3907 831 3971 εἶσιν
856 3889 954 3969 αὗται
978 3911 999 3987 ηἸ
1022 3909 1083 3969 ποῦ
1109 3906 1254 3985 κείμεναι
1269 3904 1377 3968 οὐκέτι

257 4015 422 4099 διασαφεῖ.
454 4016 696 4100 πληθοντιιιοῖς
729 4017 763 4081 δι’
797 4021 912 4100 ῥήμασι
947 4019 1101 4103 κέχρηται
1136 4015 1189 4079 διὰ
1223 4021 1282 4096 τὴν
1311 4021 1377 4080 τῶν

255 4132 392 4213 ἑταίρων
424 4133 684 4215 σνμπαροοσίαν.
719 4131 763 4194 Ea
791 4154 855 4196 esse
885 4132 922 4196 ab
955 4133 1013 4196 hoo
1045 4152 1133 4195 versu
1163 4129 1258 4193 aliena
1285 4131 1378 4194 sensit

254 4243 469 4320 Buttmannns
503 4243 672 4320 observem,
706 4244 855 4329 pertinere
885 4244 958 4308 haec
983 4244 1084 4329 potius
1107 4243 1144 4306 ad
1169 4267 1198 4304 κ.
1226 4246 1262 4305 1;
1288 4242 1323 4303 A
1329 4245 1376 4305 ιὀ-

255 4354 329 4438 λίην
355 4355 384 4419 d‘
411 4359 441 4429 ἐς
467 4363 564 4437 νῆσον
589 4357 779 4437 ἀφικόμεθ’·
806 4356 892 4420 ἔνθα
916 4355 946 4418 d’
972 4356 1082 4420 ἔναιεν
1108 4364 1163 4420 ete.
1189 4361 1220 4419 et
1242 4356 1376 4420 Dindor-

256 4471 327 4532 fium
352 4471 384 4534 in
407 4470 534 4534 eundem
559 4492 659 4534 seeum
683 4492 811 4536 errorem
834 4469 937 4544 traxit,
960 4469 1012 4552 qui
1032 4470 1096 4533 eius
1117 4467 1241 4533 monitis
1261 4470 1377 4536 obtem-

254 4604 369 4667 perans,
402 4583 475 4647 haec
502 4582 534 4646 in
562 4583 652 4647 initio
682 4583 753 4650 libri
786 4610 803 4646 ιι
835 4581 1001 4658 collocavit,
1034 4582 1107 4646 haee
1131 4581 1260 4653 addens:
1286 4584 1377 4664 „Hoc
