3454 5330
870 648 911 708 88

335 835 398 898 ullo
429 832 518 898 modo
548 851 669 918 possum
691 827 868 914 intelligere.
902 827 1021 899 Quodsi
1044 828 1076 893 id
1099 833 1245 907 tenemus,
1270 831 1460 896 scholiastam

335 946 440 1012 verba:
475 950 518 1028 τῷ
544 942 579 1007 κε’
605 945 636 1006 οἱ
660 941 733 1007 οὐδὲ
760 945 900 1006 θανόντι
934 945 1034 1026 χυτὴν
1061 944 1113 1006 ε’πι
1139 950 1239 1020 μαῖαν
1266 943 1382 1029 ἔχευαν
1407 969 1459 1032 pa-

335 1061 468 1147 raphrasi
497 1059 662 1146 exprimere
690 1057 831 1134 voluisse,
854 1062 937 1142 patet
969 1056 1059 1121 verba
1081 1057 1214 1122 difficilia
1234 1057 1278 1123 ite
1300 1081 1363 1124 esse
1386 1060 1460 1124 sori-

335 1174 448 1239 benda:
471 1175 527 1237 εόίν
553 1171 588 1235 δὲ
614 1171 742 1257 ἔχευαν,
766 1172 797 1233 οἱ
815 1175 1033 1254 προσήκοντος
1053 1177 1096 1254 τῷ
1118 1171 1278 1255 Αἰγίσθῳ
1291 1171 1457 1256 δηλονότι,

335 1286 422 1352 αλλ’
455 1285 616 1350 ἐκώλυσεν
649 1288 699 1350 ἂν
733 1283 888 1357 αὐτούς
911 1287 929 1347 o‘
952 1283 1138 1364 Μενέλαος,
1164 1308 1241 1371 quae
1263 1286 1461 1372 explicatione

335 1424 396 1466 non
426 1401 574 1484 indigent.
605 1398 727 1484 Duplex
753 1396 793 1461 λλ
823 1420 893 1462 cum
922 1425 944 1480 μ
976 1399 1088 1463 centies
1117 1389 1276 1464 confusum
1299 1407 1345 1464 est
1369 1400 1405 1483 ¹),
1430 1406 1462 1464 et

334 1516 368 1578 in
390 1513 474 1579 nullo
497 1513 614 1600 saepius
637 1511 782 1579 vocabulo
804 1534 894 1597 quam
916 1511 950 1577 in
972 1513 1034 1578 illio
1056 1514 1123 1595 ἅμα
1148 1520 1179 1577 et
1202 1512 1297 1578 a‘llo.
1323 1515 1370 1580 De
1393 1537 1462 1600 par-

335 1627 427 1692 ticula
450 1625 534 1690 οίλλὰ
565 1633 634 1713 post
664 1626 889 1712 hypotheticam
911 1627 1055 1713 protasin,
1080 1626 1190 1712 dignus
1213 1634 1260 1692 est
1283 1629 1335 1712 qui
1360 1629 1461 1693 confe-

334 1750 419 1806 ratur
455 1741 539 1807 locus
570 1741 608 1804 ad
640 1738 669 1803 δ.
704 1742 778 1818 535,
812 1742 847 1804 εἰ
880 1738 922 1804 dd
955 1743 1010 1804 καί
1042 1743 1122 1827 βοῦν
1157 1733 1261 1820 εἶπεν,
1297 1739 1385 1804 ἀλλ’
1422 1741 1461 1804 οὐ

336 1859 414 1941 πρὸς
436 1856 531 1941 ὕβριν
563 1853 662 1918 αὐτοῦ
685 1846 774 1919 εἶπεν
798 1861 866 1932 eto,
891 1877 980 1940 quem
1000 1855 1100 1920 locum
1120 1862 1151 1921 et
1173 1855 1246 1920 alibi
1269 1855 1330 1920 iam
1353 1861 1463 1920 testem

336 1969 536 2034 adhibuimus.

379 2082 529 2167 Perpetua
559 2081 660 2144 estin
684 2081 770 2144 codd.
794 2080 905 2146 nostris
934 2081 1147 2147 vocabulorum
1170 2083 1407 2166 ceolworth
1431 2089 1464 2147 et

336 2196 441 2277 φαμὲν
474 2192 619 2259 confusio.
651 2193 712 2271 Sic,
744 2215 772 2257 v.
793 2215 818 2258 c.
844 2193 882 2258 ad
904 2219 935 2270 y.
962 2197 1036 2258 411.
1060 2194 1178 2260 editur:
1212 2194 1267 2259 διὰ
1291 2197 1322 2259 τί
1345 2199 1364 2258 o‘
1386 2197 1462 2260 Νέ-

337 2333 432 2394 στωρ,
457 2306 608 2394 βασιλευς
632 2305 692 2386 ὢν,
717 2313 785 2381 τοῖς
810 2306 908 2373 αὑτοῦ
931 2309 1046 2373 παισίν
1068 2307 1230 2374 ἐπιτέλλει
1252 2312 1291 2373 τοί
1304 2311 1370 2374 τῶν
1384 2308 1462 2375 δοιί·

337 2424 400 2488 λων
437 2423 492 2486 καί
525 2424 591 2485 τῶν
622 2421 684 2485 ὑπὸ
715 2426 819 2507 χεῖρα;
861 2443 991 2503 φασιν
1027 2414 1084 2488 οὖν
1120 2424 1171 2486 ὅτι
1205 2420 1370 2496 ἁπλοϊκως
1405 2424 1460 2486 καί

337 2535 536 2611 οίκενοδόξως
564 2537 635 2599 τότε
661 2532 822 2600 διέκειντο
846 2539 916 2613 κτὲς
939 2535 993 2601 ubi
1016 2536 1115 2623 palam
1138 2542 1192 2614 est,
1216 2536 1379 2621 legendum
1396 2559 1462 2602 esse

336 2653 473 2735 φαμὲν
506 2641 591 2729 οὖν,
626 2671 701 2734 quae
735 2649 879 2716 solemnia
912 2650 973 2715 fere
1007 2649 1098 2716 verba
1132 2656 1203 2715 eunt
1237 2653 1293 2714 τοῦ
1327 2648 1460 2713 λυτικοῦ

336 2766 543 2831 difficultatem
571 2762 724 2841 solventis,
753 2786 780 2850 y.
814 2786 839 2826 ο.
871 2787 903 2826 α.
931 2767 961 2827 8.
994 2761 1049 2826 διὰ
1082 2764 1114 2826 τί
1145 2768 1221 2846 μιᾶς
1250 2763 1306 2846 ὑφ’
1338 2762 1460 2827 Ἡλίου

336 2879 416 2955 νεὼς
440 2874 662 2954 ἀπολωλυίας,
686 2874 807 2943 ἕνδεκα
831 2876 865 2940 (λε’
891 2879 980 2961 παρὰ
1004 2881 1261 2961 Λαιστρυμόσιν,
1287 2880 1460 2959 ὁποιητὴς

336 2993 397 3075 ἔφη
422 2993 475 3074 „oi
498 2991 582 3054 κατὰ
614 2991 712 3075 βοῦς”
746 2994 833 3068 utiq
853 2991 897 3063 ὥς
921 2990 960 3072 δὴ
986 2996 1119 3056 πάντων
1150 2991 1206 3073 ὑφ’
1230 2988 1351 3054 Ἡλίου
1375 2989 1460 3053 druo-

234 3193 235 3198 Ὶ
335 3103 500 3181 λωλότωνς
532 3104 638 3186 φαμιι
649 3127 667 3166 ν
703 3093 776 3168 οὖν
808 3104 859 3166 ὅτι
890 3111 947 3169 etc.
979 3126 1055 3188 quae
1089 3105 1151 3168 fere
1181 3103 1309 3189 singuiis
1342 3103 1460 3190 paginis

335 3220 431 3282 forma
460 3214 586 3282 recurrit
615 3212 655 3302 ²).
685 3214 743 3279 Est
772 3215 827 3280 ubi
856 3238 910 3303 pro
942 3219 1047 3299 φαμὲν
1079 3216 1192 3302 legitur
1220 3215 1355 3300 λέγομεν
1387 3207 1458 3294 οὖν,

334 3337 369 3396 nt
391 3331 425 3395 in
446 3329 569 3407 scholio,
593 3328 674 3414 quod
697 3328 904 3415 supraposui,
929 3329 967 3394 de
990 3329 1108 3415 Ulyssis
1132 3331 1266 3417 epitheto
1279 3315 1459 3414 πτολίπορ-

335 3454 407 3520 θος.
433 3443 493 3509 Sed
516 3443 616 3524 φαολν
641 3432 698 3505 οὖν
717 3440 768 3506 hic
787 3442 864 3507 nihil
884 3442 1049 3530 quidquam
1072 3444 1231 3529 significat.
1244 3445 1332 3509 Idem
1351 3444 1460 3510 vitium

335 3560 438 3626 eadem
461 3555 610 3623 medicina
632 3555 798 3621 sanandum
820 3563 866 3620 est
888 3557 927 3620 ad
950 3583 975 3621 ε.
1003 3561 1077 3636 121,
1102 3557 1135 3622 in
1153 3558 1312 3643 allegorica
1330 3557 1460 3644 explica-

336 3675 419 3738 tione
442 3673 497 3736 τοῦ
521 3668 667 3754 Ἡμέρας
692 3671 746 3733 καί
772 3670 930 3755 Ὠρίωνος
956 3669 1085 3756 ἔρωτος,
1111 3693 1186 3756 quae
1209 3671 1283 3757 ipsis
1305 3671 1404 3736 verbis
1423 3693 1460 3734 ex

336 3787 483 3852 Heracliti
507 3809 570 3872 cap.
592 3783 738 3851 LXVIII
761 3785 909 3870 descripta
931 3791 988 3849 eat.
1010 3782 1053 3872 (p.
1076 3788 1140 3849 133
1153 3807 1233 3872 seqq.
1254 3784 1301 3850 ed.
1316 3783 1458 3872 Mehler.)

335 3901 389 3965 ubi
412 3906 480 3986 post
502 3898 596 3963 multa
618 3898 677 3963 alia
695 3897 823 3962 dicitur:
849 3902 930 3961 καθ’
954 3897 1100 3981 Ὅμηρον
1126 3895 1160 3960 δὲ
1187 3899 1241 3962 nul
1266 3900 1370 3962 τοῦτό·
1385 3923 1460 3978 φοι-

336 4036 415 4078 σιν.
441 4012 575 4077 Ἰασίων
599 4011 680 4096 α’νὴρ
696 4013 863 4096 ,γεωργίας
885 4008 1133 4093 ἐπιμελούμενος
1155 4013 1209 4075 καί
1231 4008 1381 4094 δαψιλῶς
1394 4009 1459 4074 α’πὸ

337 4129 402 4191 τῶν
428 4123 519 4190 ιἰλίων
544 4125 654 4210 α’γρῶν
679 4125 822 4208 καρπούς
845 4122 1021 4208 λαμβάνων
1044 4126 1172 4198 εἰκότως
1192 4125 1255 4188 ὑπὸ
1275 4130 1330 4206 τῆς
1350 4127 1460 4206 Λήμη-

368 4413 386 4473 1)
404 4413 505 4471 Brutina,
523 4411 563 4462 obi
576 4410 626 4476 agit
641 4409 670 4460 de
686 4409 777 4475 duplice
793 4408 808 4456 λ
824 4425 877 4460 cum
893 4427 912 4469 ιι
930 4412 1033 4472 confuso,
1052 4413 1097 4462 hoo
1114 4412 1192 4476 ipsum
1209 4407 1347 4461 vocabulum
1360 4409 1459 4474 exempli

333 4517 400 4553 cuma
411 4503 495 4566 Ικίῐοολι
515 4501 630 4566 „indidem
646 4504 698 4552 orta
716 4501 854 4552 creberrima
872 4503 1022 4552 commutatio
1039 4499 1390 4566 κοοοιοάλλὰολᾶμα.”Ροχ.
1400 4500 1457 4553 724.

366 4591 385 4654 ²)
403 4593 446 4644 Via
463 4592 567 4645 locorum
583 4593 704 4645 adducitur
720 4593 745 4642 in
763 4592 850 4654 Indice,
868 4609 888 4643 ε.
906 4609 929 4644 v.
948 4591 1042 4660 ῥητέον
1061 4578 1108 4644 οὖν
1130 4591 1183 4643 λιι,
1201 4607 1276 4662 -χκ
1295 4591 1353 4646 837.
