3442 5330
913 708 933 768 t

358 891 554 974 προπετείας
578 889 715 979 αὐτῶν),
748 889 931 969 concionem,
957 913 975 955 a
998 890 1176 960 Telemacho
1199 895 1402 969 convocatam,
1427 912 1481 954 sua

356 1006 536 1070 auctoritate
559 1005 713 1069 dimittere
737 1002 856 1093 (ἄλλον
881 1009 1125 1084 συναγαγόντος
1149 1003 1268 1094 toea).

399 1117 500 1181 Attuli
528 1125 629 1183 autem
660 1118 717 1181 hoo
748 1117 940 1204 potissimum
970 1116 1141 1204 exemplum
1168 1116 1238 1183 vitii
1261 1115 1399 1180 codicum
1421 1136 1477 1201 ope

355 1228 484 1293 feliciter
514 1230 621 1306 sanati,
653 1228 770 1304 duabus
794 1229 968 1294 decausis:
993 1237 1024 1294 ct
1047 1238 1083 1294 ut
1104 1230 1176 1294 inde
1195 1235 1358 1317 appareret,
1382 1249 1478 1313 quan-

354 1348 421 1407 tum
451 1341 539 1406 nohis
569 1342 660 1407 liceat
690 1342 723 1406 in
754 1341 941 1407 libros-tam
971 1344 1048 1408 male
1075 1343 1204 1422 habitos,
1228 1350 1259 1408 et
1279 1364 1370 1427 quam
1391 1341 1479 1406 facile

256 1455 257 1460 ’
354 1453 395 1518 sit
418 1455 451 1518 in
473 1455 635 1521 indicanda
658 1456 727 1521 vitii
751 1457 820 1521 sedo
842 1479 972 1522 errorem
995 1457 1192 1536 committere,
1213 1457 1266 1541 qui
1285 1454 1376 1521 semel
1395 1476 1478 1520 com·

354 1568 464 1633 missus
495 1591 614 1634 omnem
646 1592 729 1657 spem
752 1592 839 1635 verae
861 1570 999 1634 lectionis
1022 1570 1225 1635 restituendae
1246 1569 1366 1635 irritam
1388 1567 1479 1632 faciat

307 1677 310 1680 ¹
353 1705 474 1748 necesse
497 1691 551 1747 est.
575 1684 717 1767 Namque
740 1705 801 1748 non
824 1683 858 1748 in
879 1687 1144 1762 συναγαγόντας,
1165 1691 1201 1748 111
1216 1683 1392 1748 Dindorfius
1412 1681 1477 1767 opi-

353 1797 492 1874 nabatur,
516 1798 569 1861 sed
592 1797 625 1861 in
649 1795 724 1860 aar
749 1797 786 1861 οὐ
810 1819 864 1885 pro
887 1796 993 1861 ἄλλον
1016 1798 1180 1863 oscitanter
1202 1797 1314 1884 scripto
1336 1795 1477 1884 primaria

351 1911 460 1974 erroris
484 1910 569 1994 origo
592 1910 714 1988 latebat,
740 1918 771 1975 01
794 1934 829 1975 00
852 1912 949 1976 tutius
972 1911 1096 1989 latebat,
1121 1913 1202 1996 quod
1226 1913 1298 1976 haee
1321 1908 1476 1987 vocabula,

352 2047 447 2108 quum
476 2047 529 2110 per
559 2046 591 2088 se
621 2023 735 2111 optimo
768 2024 882 2089 Graeca
912 2025 983 2103 sint,
1016 2025 1086 2090 vitii
1109 2025 1311 2112 suspicionem
1333 2023 1475 2090 facillime

353 2141 483 2223 effugere
504 2145 653 2224 poterant.

396 2251 474 2318 Eece
497 2251 591 2316 alium
613 2251 722 2332 locum,
750 2253 835 2317 cuius
859 2275 981 2318 sensum
1003 2254 1123 2340 assequi
1146 2255 1238 2320 etiam
1261 2277 1298 2320 ex
1316 2255 1477 2340 depravata

351 2364 480 2429 lectione
502 2388 564 2430 non
587 2373 651 2430 erat
673 2367 836 2432 admodum
855 2367 986 2446 difficile,
1008 2367 1099 2432 verba
1120 2369 1280 2435 restituere
1302 2390 1392 2432 nemo
1414 2364 1476 2430 nisi

351 2479 554 2566 adstipulante
584 2480 687 2545 codice
718 2503 808 2546 ausus
838 2487 925 2546 esset.
958 2481 1016 2544 Est
1044 2482 1083 2546 ad
1113 2506 1143 2561 ν,
1174 2504 1219 2546 vs.
1246 2486 1320 2561 222,
1351 2480 1406 2545 ubi
1438 2479 1476 2543 de

349 2593 470 2657 Athena
501 2593 630 2658 dicitur:
661 2592 757 2679 ἀνδρὶ
782 2592 881 2678 δέμας
906 2596 1027 2673 εἰκυῖα,
1060 2595 1197 2680 adquae
1216 2595 1307 2660 verba
1329 2595 1473 2679 leguntur

349 2710 494 2791 tanquam
517 2730 554 2772 ex
578 2708 610 2772 H
633 2715 664 2772 et
688 2708 718 2780 Q
742 2709 990 2798 (Mediolanensi)
1016 2709 1111 2796 petita
1133 2709 1218 2773 haec:
1240 2709 1477 2790 tricacensis

348 2825 489 2905 ἄρρενας
519 2825 579 2906 μὲν
611 2825 722 2901 θεοὺς,
755 2822 893 2906 θηλείας
929 2821 963 2886 δὲ
999 2828 1131 2909 ἄρρεσιν
1164 2821 1320 2887 οὐδέποτε
1352 2819 1471 2895 είκάζει

350 2934 458 3022 (Dind.
483 2958 512 3023 p.
538 2941 611 3000 568.
638 2938 658 3001 l.
685 2939 750 3023 26).
779 2939 819 3000 In
841 2938 889 3001 his
913 2938 987 3021 quid
1011 2939 1109 3003 dicere
1131 2939 1206 3002 velit
1228 2937 1404 3013 Scholiasta,
1429 2936 1473 2998 fa·

349 3048 405 3111 cilo
424 3048 615 3134 intelligitur,
636 3073 744 3137 nempe
764 3051 843 3137 apud
864 3050 1032 3116 Homerum
1049 3053 1117 3116 deas
1130 3073 1215 3138 saepe
1228 3052 1352 3114 deorum
1362 3050 1472 3134 figuras

346 3162 488 3240 mutuari,
512 3164 583 3227 deos
606 3185 675 3228 vero
699 3164 822 3229 dearum
846 3186 1014 3248 nunquam,
1047 3188 1138 3250 quam
1159 3169 1260 3230 tamen
1286 3163 1468 3229 sententiam

348 3296 365 3338 e
387 3274 496 3353 vorbis,
520 3284 556 3340 ut
574 3298 656 3341 nunc
678 3300 712 3341 ea
734 3278 889 3356 habemus,
914 3301 1002 3344 nemo
1026 3280 1114 3345 facile
1132 3279 1240 3345 eliciat.
1263 3279 1374 3362 Neque
1393 3276 1473 3342 mul·

348 3394 423 3465 tum,
454 3425 499 3436 —
529 3390 581 3454 sed
611 3396 713 3455 tamen
734 3392 860 3476 aliquid,
884 3430 927 3440 -
949 3393 988 3458 ad
1010 3394 1250 3459 emendationem
1272 3393 1332 3457 loci
1355 3392 1471 3456 confert

347 3502 515 3569 observatio
545 3504 679 3582 editoris,
709 3509 842 3591 ἄρρεσιν
875 3508 976 3572 omitti
1002 3510 1036 3574 in
1059 3509 1098 3581 Q.
1124 3508 1192 3573 Hoc
1216 3510 1298 3574 enim
1321 3505 1467 3574 vocabulo

346 3617 456 3681 omisso
479 3618 513 3682 in
534 3626 677 3705 promptu
698 3629 762 3687 erat
785 3622 942 3707 corrigere,
966 3624 1116 3688 sententia
1138 3623 1314 3710 imperfecta
1333 3620 1466 3706 quidem,

317 3753 319 3756 ·
347 3731 399 3796 sed
421 3754 483 3796 non
505 3733 593 3820 plane
616 3733 760 3800 absurda:
787 3737 837 3800 ὅτι
861 3740 880 3799 o‘
902 3761 937 3799 π.
963 3740 1103 3821 ἄρρενας
1125 3738 1185 3818 μὲν
1211 3737 1307 3809 θεοιίς
1327 3729 1473 3818 θηλεί-

348 3867 414 3918 αις
438 3843 593 3911 αὐδέποτε
617 3849 748 3924 εἰκάζει.
774 3850 835 3914 Sed
857 3850 936 3916 1111111
955 3855 1126 3916 coniectura
1145 3873 1220 3938 opus
1244 3857 1298 3916 est.
1319 3849 1411 3927 Nam,
1425 3885 1471 3896 —-

222 4037 229 4044 .
345 3957 505 4024 Diudorfio
536 3968 656 4026 auctore
687 3963 720 4027 in
750 3964 848 4029 Praef.
880 3989 909 4052 p.
936 3986 993 4030 111
1025 3967 1058 4030 in
1086 3967 1107 4030 f.
1139 4005 1184 4014 —
1215 3966 1294 4050 „hoo
1324 3964 1467 4029 Scholion

347 4072 391 4136 sic
414 4075 625 4159 corrigendum
648 4099 685 4141 ex
709 4077 750 4144 H.
775 4081 825 4142 ὅτι
849 4084 867 4143 o‘
891 4085 1028 4165 ποιητὴς
1050 4086 1190 4166 ἄρρενας
1213 4082 1272 4164 μὲν
1295 4081 1471 4161 111011111-

347 4183 450 4261 1610119
483 4187 639 4254 οὐδέποτε
669 4193 799 4278 εἰκάζει,
824 4193 962 4277 θηλείας
985 4194 1020 4259 δὲ
1045 4197 1210 4283 ἄρρεσιν,”
1235 4194 1346 4281 quihus
1369 4193 1470 4259 verbis

344 4303 499 4389 perspicue
530 4306 691 4392 exponitur
721 4306 763 4388 id,
796 4310 878 4394 quod
909 4312 1108 4378 Scholiastom
1139 4311 1269 4377 voluisse
1300 4310 1383 4398 prius
1406 4317 1470 4376 erat

344 4414 469 4482 obscure
492 4419 699 4486 divinandum.

388 4531 548 4620 Loguntur
578 4559 615 4602 ex
645 4537 672 4600 E
704 4537 915 4625 (Ambrosiano
946 4543 1000 4627 89)
1032 4541 1071 4606 ad
1094 4547 1129 4606 θ.
1161 4560 1205 4607 vs.
1231 4544 1272 4605 80
1296 4539 1369 4606 haec
1392 4561 1469 4624 qnae

346 4660 529 4734 sequuntur:
563 4655 803 4743 ἀπεβίβασε
837 4655 871 4721 δὲ
903 4663 922 4723 c‘
952 4655 1133 4723 Ἀπόλλων
1158 4663 1204 4744 τῷ
1236 4655 1469 4743 Ἀγαμέμνονι
