3454 5330
804 669 845 730 87

255 854 333 920 soret
374 852 527 929 σίναξίως.
566 854 625 918 Per
664 855 838 932 ἐπιπόνως,
878 850 1058 937 ὀδυνηρῶς,
1100 857 1282 927 κανστιιιῶς
1317 878 1383 942 exp.

254 968 469 1034 llustathius.''
492 969 535 1033 Et
554 991 656 1035 revera
677 968 842 1054 requiritur
861 968 982 1053 aliquod
1001 967 1181 1032 vocabulum
1201 969 1304 1033 eadem
1323 969 1385 1034 fere

254 1104 288 1144 ao
306 1082 387 1147 illud
410 1079 553 1156 α’ναξίως
577 1081 806 1168 significatione,
829 1081 862 1146 id
883 1102 954 1147 vero
977 1081 1078 1166 ipsum
1101 1103 1208 1166 parum
1231 1081 1385 1167 probabile

253 1202 301 1259 est
334 1197 370 1261 in
400 1193 498 1271 α’ξίως
529 1217 594 1260 esse
627 1201 810 1281 corruptum.
850 1193 1027 1260 Dindorfins
1058 1195 1122 1281 ipse
1153 1202 1255 1282 postea
1284 1197 1384 1261 conie-

253 1317 374 1375 cturam
396 1333 481 1375 suam
499 1309 684 1396 improbasse
702 1309 834 1387 videtur,
846 1309 919 1374 haec
937 1308 1070 1373 scribens
1084 1309 1117 1373 in
1128 1309 1226 1374 Praei.
1239 1334 1269 1397 p.
1281 1332 1381 1377 xurx:

254 1422 450 1504 „Delendum
480 1422 591 1503 ἀξίως,
624 1425 706 1508 qnod
728 1446 787 1489 om.
820 1421 916 1487 DH.''
942 1421 1116 1488 Violentius
1138 1422 1195 1488 hoc
1217 1425 1384 1491 remedium

254 1545 313 1618 est,
345 1561 407 1623 quo
436 1539 562 1604 fortasse
592 1559 690 1603 carere
721 1536 895 1624 poterimus,
927 1537 953 1602 si
984 1537 1135 1621 legamus:
1170 1535 1266 1620 όηλοῖ
1287 1537 1321 1602 δὲ
1347 1544 1382 1604 τό

255 1653 478 1737 ἐπισμυγερῶς
499 1650 536 1716 πό
556 1653 730 1735 ἐπιπόνως,
750 1648 924 1730 α’θλίως,
950 1673 1026 1736 quae
1037 1650 1206 1717 emendatio
1218 1660 1384 1740 opportune

254 1765 410 1832 stabilitur
432 1767 492 1832 alio
509 1767 576 1833 loeo
598 1767 631 1832 in
654 1766 702 1832 his
724 1763 836 1831 nostris
859 1765 991 1844 scholiis,
1022 1765 1077 1830 ubi
1099 1766 1181 1831 idam
1203 1766 1384 1833 vocabulum

254 1882 361 1948 eodem
391 1903 512 1968 prorsus
540 1881 631 1946 modo
654 1879 824 1967 exponitur,
848 1902 955 1967 nempe
978 1879 1016 1944 ad
1040 1877 1070 1943 ό.
1096 1882 1171 1957 672,
1196 1879 1250 1944 nbi
1272 1880 1306 1944 in
1328 1880 1383 1946 BE

255 2003 316 2062 est:
342 1997 516 2074 ἐπιπόνως,
542 1993 644 2058 α’θλί
652 2020 714 2073 ως,
742 1992 890 2080 χαλεπῶς
914 1992 978 2057 duo
1003 1996 1059 2057 τοῦ
1085 1996 1203 2079 σμιίχω.
1227 1993 1381 2080 παρέλκει

257 2108 292 2173 δὲ
315 2116 337 2192 ἡ
360 2111 426 2173 ἐπί.

301 2224 415 2289 Omnes
441 2229 542 2288 autem
571 2223 641 2300 loci,
672 2221 726 2287 uhi
757 2223 794 2287 de
824 2223 965 2307 Aegisthi
996 2223 1126 2289 facinore
1153 2246 1249 2290 sermo
1271 2231 1327 2303 est,
1350 2227 1383 2290 id

258 2339 337 2426 quod
360 2358 432 2403 sane
455 2336 566 2403 mirum
589 2344 644 2415 est,
669 2337 799 2423 aliquam
821 2336 919 2402 labem
943 2339 1114 2424 concepisse
1136 2339 1286 2404 videntur.
1310 2340 1384 2404 Post

258 2475 351 2540 pauoa
379 2451 551 2517 Telemachi
574 2457 681 2537 rogatu
703 2451 818 2516 Nestor
840 2451 965 2516 eandem
990 2473 1053 2516 rem
1076 2450 1213 2538 pluribus
1232 2453 1384 2540 persequi-

257 2573 318 2645 tur,
342 2566 478 2650 dicitque
500 2588 564 2632 sese
586 2564 718 2652 opinari:

300 2684 372 2760 ἤτοι
394 2681 455 2761 μὲν
479 2678 556 2743 τάδε
581 2677 699 2752 καύτός
723 2676 820 2757 οίέαι,
846 2677 889 2752 ὥς
914 2700 969 2741 κεν
995 2677 1118 2762 ἐσιίχθη
1145 2681 1182 2764 ¹).

302 2795 329 2856 εἰ
353 2792 435 2868 ζωόν
459 2793 489 2872 γ’
515 2791 687 2870 Αἴγισθον
714 2793 763 2857 ἐνί
785 2795 973 2874 μεγάροισιν
998 2788 1130 2871 ἐτετμεν

302 2903 481 2991 Ἀτρείδης
504 2906 671 2989 Τροίηθεν
698 2905 770 2984 ι’όιν,
796 2903 921 2978 ξανθὸς
945 2902 1132 2983 Μενέλαος,

301 3026 347 3102 τῷ
371 3017 407 3081 ιιί
431 3017 463 3082 σί
485 3015 560 3083 οὐδὲ
584 3023 728 3083 θανόντι
754 3022 855 3104 χντην
879 3017 933 3082 ἐπί
958 3022 1057 3095 γαῖαν
1083 3016 1215 3104 ἐχεναν,

302 3131 375 3196 ἀλλ’
400 3135 466 3216 ἄρα
490 3133 547 3198 τόν
572 3157 607 3211 γε
633 3138 728 3207 ιαίνες
752 3158 785 3197 σε
810 3135 866 3196 καί
890 3135 1001 3198 οἰωνοί
1024 3131 1232 3218 κατέόαψαν,
1258 3139 1324 3197 ιιτέ.

1122 3252 1167 3335 (r-
1195 3248 1381 3337 conseqq.)

259 3361 308 3424 Ad
339 3357 457 3444 ἐχειιαν
490 3367 537 3425 est
555 3360 590 3424 in
613 3359 750 3439 scholiis:
776 3361 877 3438 τινὲς,
903 3359 1028 3448 ἐχειιεν,
1055 3363 1112 3427 ἵνα
1137 3360 1232 3448 λείπη
1258 3363 1293 3426 τὸ
1318 3389 1379 3437 τις.

258 3473 316 3537 ἐὰν
341 3470 529 3557 όέ·ἐ’χεναν,
563 3473 595 3536 οἱ
617 3477 836 3557 προσήκοντος
866 3481 912 3558 τῷ
941 3475 1101 3558 Αἰγίσθῳ
1124 3477 1204 3557 ἅμα
1228 3474 1381 3557 δηλονότι
1433 3476 1435 3484 '

258 3584 419 3651 ἐκώλυσεν
444 3585 573 3659 αὐτός
595 3589 613 3649 ό
636 3583 820 3658 Μενέλαος.
846 3586 920 3651 Non
942 3588 1052 3652 attinet
1066 3588 1172 3652 'omnes
1192 3587 1382 3653 difficultates

258 3720 432 3764 enumerare
455 3699 565 3785 quibus
587 3699 671 3765 locus
694 3697 890 3764 brevissimus
913 3700 1069 3785 premitur,
1093 3701 1126 3765 in
1150 3723 1209 3787 qno
1233 3701 1383 3766 interulis

256 3812 353 3877 multa
381 3834 480 3896 neque
509 3813 577 3896 ἅμα
609 3835 763 3896 concoquo
793 3833 892 3895 neque
922 3811 1051 3886 αὐτὸς
1084 3817 1102 3877 o‘
1128 3811 1302 3888 Μενέλαος
1333 3815 1383 3878 cui

258 3946 347 3989 nemo
370 3931 547 4011 opponetur,
579 3948 678 4010 neque
708 3924 858 4010 quomodo
892 3923 1053 3991 ἐκώλυσεν
1077 3930 1096 3990 o‘
1117 3924 1304 4004 Μενέλαος,
1330 3927 1383 4010 qui

260 4037 338 4102 nihil
356 4038 514 4124 prohibere
532 4039 642 4125 potuit,
667 4038 778 4125 quippe
797 4037 914 4118 absens,
935 4061 1033 4125 neque
1051 4039 1126 4125 quid
1146 4040 1193 4105 vel
1213 4062 1302 4123 quem
1314 4061 1382 4125 pro-

260 4149 402 4228 hibuerit,
422 4187 466 4198 -
486 4174 556 4218 nam
576 4152 727 4219 obiectum
746 4152 780 4217 in
798 4158 862 4217 tota
879 4153 1029 4218 sententia
1040 4152 1158 4217 nullum
1169 4152 1326 4240 reperitur,
1338 4189 1383 4200 -—

293 4433 316 4494 ¹)
335 4434 375 4485 Sic
394 4435 456 4486 melo
476 4451 532 4503 'cum
554 4434 634 4486 Faenio
650 4434 822 4500 interpungere,
843 4451 913 4500 quem
930 4451 982 4485 cnm
1000 4433 1089 4495 ceteris,
1107 4437 1221 4486 commate
1237 4435 1313 4500 posito
1330 4438 1383 4500 post

267 4524 384 4590 ἐτύχθη,
407 4525 489 4576 addere
513 4523 670 4592 όπόσιιγμιι
694 4528 731 4586 (·)
754 4530 821 4591 post=
844 4525 992 4586 Μενέλαος,
1010 4541 1148 4590 quamquam
1165 4525 1198 4576 ita
1213 4526 1382 4593 interpunxisse

264 4615 416 4667 Scholiastam
432 4619 545 4678 nauum,
563 4633 591 4668 ex
607 4617 655 4668 εἱσι
671 4618 811 4684 paraphrasi
826 4621 897 4686 patet
1010 4649 1015 4660 ·
