3454 5330
817 686 858 744 80

283 891 354 951 apoc
378 865 490 941 ἔδοξεν
514 871 720 947 ἠγαπῆσθαι·
746 865 779 929 δι’
803 853 848 930 cia
873 866 1016 952 τΌμηρος
1037 866 1094 930 οὐκ
1115 866 1262 945 ἀσελγεῖς
1282 866 1403 950 ἔρωτας

284 985 401 1064 ἱστορεῖ
424 984 512 1045 θεῶν
538 979 606 1044 οὐδ’
632 979 825 1058 ἀκολασίας,
856 982 1004 1064 σημαίνει
1030 979 1065 1044 δὲ
1090 983 1148 1055 τοῖς
1172 985 1401 1058 εὐαγεστόιτας,

282 1094 429 1178 Ἡμέραι
465 1120 498 1158 τε
531 1097 585 1158 καὶ
620 1098 808 1178 Δημήτραν,
833 1101 901 1168 τοῖς
926 1095 1063 1180 εὐσεβῶς
1089 1096 1224 1176 ἐρευνᾶν
1249 1092 1401 1158 ἐθέλουσι

282 1215 417 1289 φυσικῆς
437 1208 555 1294 οἷκριβῆ
578 1210 720 1292 θεωρίαν
744 1208 892 1292 οῖφορμὴυ
918 1207 1110 1293 χαρίζεσθαι
1126 1207 1164 1296 ¹).
1185 1208 1219 1273 Si
1237 1209 1338 1273 locum
1357 1209 1402 1271 in-

281 1322 393 1408 telligo,
434 1345 488 1408 pro
523 1324 623 1405 paula
652 1329 682 1387 et
713 1323 763 1386 hic
793 1329 825 1388 et
854 1323 934 1409 apud
963 1323 1153 1388 Heraclitum
1182 1322 1404 1388 rescribendum

281 1434 431 1516 φαμέν.

325 1547 355 1611 d.
379 1552 453 1613 103.
477 1549 609 1614 Menelai
632 1548 739 1614 verba:
765 1549 904 1632 αἶψηρὸς
928 1548 963 1612 δὲ
986 1552 1078 1634 κόρος
1099 1556 1246 1634 κρυεροῖο
1265 1551 1404 1636 sicpara-

281 1663 379 1748 phrasi
399 1663 583 1728 redduntur:
605 1663 719 1748 ὁὺπέρ
740 1671 806 1727 τῶν
827 1661 937 1728 ἄλλων
957 1689 1011 1745 μοι
1033 1671 1155 1748 θρῆνος
1168 1663 1290 1751 ταχέως
1304 1668 1405 1748 θραυ-

281 1803 362 1841 εται.
396 1778 548 1848 Quoniam
577 1778 662 1843 dolor
689 1784 720 1841 et
741 1777 917 1843 lamentatio
935 1800 995 1842 non
1016 1778 1234 1863 frangitur,
1259 1780 1401 1844 emendo:

281 1894 432 1969 παύεται,
458 1893 508 1956 cui
532 1892 719 1957 coniecturae
741 1915 802 1956 non
823 1891 889 1956 leve
911 1898 1098 1956 momentum
1120 1893 1236 1957 accedit
1254 1916 1291 1957 ex
1309 1894 1404 1959 totius

277 2005 337 2069 loci
359 2005 517 2070 Homerici
541 2005 786 2082 conformatione,
809 2027 899 2090 quem
921 2005 1017 2090 magis
1038 2028 1128 2090 quam
1147 2006 1238 2073 verba
1255 2007 1405 2072 lemmatis

279 2126 381 2184 nostra
402 2119 573 2206 paraphrasi
596 2119 773 2183 redduntur.
797 2118 954 2184 Menelaus
976 2120 1049 2185 haec
1072 2121 1165 2185 dicit:

279 2229 397 2296 cillere
420 2231 480 2312 μέν
505 2257 539 2296 τε
563 2236 629 2315 γόῳ
653 2230 757 2314 φρέυα
781 2231 954 2315 τέρπομαι,
979 2232 1099 2297 ἄλλοτε
1124 2232 1155 2297 d'
1181 2227 1256 2298 αὖτε

281 2349 481 2427 παυομαι·
507 2348 647 2429 αἰψηρὸς
671 2343 705 2408 δὲ
732 2350 823 2429 κόρος
848 2351 994 2430 κρυεροῖο
1020 2351 1121 2422 γόοιο.

280 2463 345 2523 τῶν
366 2464 499 2524 πάντων
520 2461 556 2522 οι)
575 2463 691 2524 τόσσοι
712 2458 867 2544 ὀδύρομαι
871 2508 881 2535 ,
892 2460 1071 2544 οέχκυμευός
1085 2486 1156 2544 περ,
1172 2459 1192 2551 ΙΙ
1204 2462 1248 2535 ὥς
1260 2465 1331 2536 ἑυὸς
1344 2471 1400 2526 etc.

282 2574 439 2639 Sententia
466 2574 563 2659 igitur
593 2578 654 2639 est:
686 2575 784 2640 Doleo
814 2597 916 2639 omnes
947 2574 1070 2639 amissos
1094 2575 1218 2652 sodales,
1242 2575 1294 2638 sed
1317 2574 1403 2639 dolor

280 2687 319 2751 ob
349 2709 399 2751 eos
429 2686 554 2752 amissos
584 2687 645 2753 cito
676 2687 827 2753 evanescit
856 2710 891 2751 ac
916 2687 1021 2751 linitur
1048 2709 1118 2773 prae
1140 2687 1288 2752 desiderio
1311 2687 1402 2752 unius

279 2800 347 2878 viri,
370 2800 490 2885 Ulyssis
511 2822 627 2887 nempe.

321 2913 396 2979 Fere
425 2915 599 3000 typothetae
629 2914 772 2979 mendum
802 2919 938 3000 putarem
967 2935 1043 2996 quae
1074 2912 1217 2997 leguntur
1242 2913 1276 2977 in
1302 2912 1399 2978 Praei.

279 3051 307 3112 p.
340 3047 389 3092 1211
419 3028 457 3092 ad
484 3026 514 3089 d.
549 3030 623 3092 100.
659 3029 740 3111 ἅπερ
774 3024 907 3108 ἔμελλεν
941 3027 1111 3110 ἐρωτήσειν
1143 3027 1161 3088 o‘
1192 3024 1397 3112 Τηλέμαχος,

278 3146 411 3203 ταῦτα
443 3145 604 3224 φράσας
635 3145 653 3204 o‘
675 3139 850 3214 Μενέλαος
875 3141 1015 3224 ἐκφέρει,
1041 3142 1097 3204 καὶ
1121 3140 1247 3217 γίνεται
1272 3143 1309 3203 τὸ
1332 3146 1399 3206 πᾶν

280 3256 454 3334 υοοιῖμευου
487 3253 682 3336 περιπαθές.
716 3252 801 3317 ἀλλὰ
833 3257 888 3318 καὶ
920 3258 980 3335 τὴν
1011 3259 1188 3338 ὁμοιότητα
1212 3257 1400 3336 ἐκφεύγειὸ

278 3375 423 3450 ποιητής·
448 3369 538 3451 παρὰ
561 3371 622 3452 γὰρ
648 3365 794 3452 Νέστορι
818 3371 836 3431 ὁ
854 3366 1046 3453 Τηλέμαχος
1065 3373 1179 3453 ἤρχετο
1200 3373 1267 3433 τῶν
1281 3368 1397 3447 λόγιοι.

276 3481 325 3544 Ad
347 3481 420 3545 haec
442 3481 475 3545 in
496 3481 593 3546 Praei.
617 3480 660 3545 l.l.
685 3481 896 3546 observantur:
924 3483 1040 3564 „Recte
1060 3487 1196 3564 φάσας
1217 3481 1401 3565 Hidemque

276 3596 400 3659 fortasse
429 3602 476 3659 est
505 3595 538 3659 in
570 3595 632 3666 Q.''
657 3595 810 3666 Quoniam
833 3600 938 3676 φάσας
961 3595 1051 3659 nihili
1074 3596 1252 3661 vocabulum
1276 3603 1331 3671 est,
1355 3631 1401 3642 -—

274 3731 344 3773 nam
366 3708 392 3772 si
416 3732 433 3772 a
455 3711 535 3792 φημὶ
560 3708 722 3786 derivatur,
745 3714 847 3790 φήσας
868 3707 1060 3773 scribendum
1081 3715 1136 3785 est,
1160 3707 1241 3793 quod
1261 3707 1295 3771 id
1306 3729 1401 3791 genus

275 3821 434 3907 scriptores
464 3820 563 3886 dicero
594 3821 691 3886 solent
719 3843 773 3908 pro
796 3823 872 3902 φὰς,
898 3858 942 3868 -
965 3821 1101 3906 suspicor
1124 3821 1243 3886 dedisse
1266 3819 1400 3884 Dindcr·

306 4080 325 4140 ι)
342 4079 433 4130 Ultima
453 4081 522 4131 huius
538 4080 584 4131 loci
607 4081 677 4132 verba
700 4081 726 4130 in
743 4079 860 4131 Heracliti
882 4079 933 4130 edd.
958 4079 1022 4130 varie
1038 4079 1128 4129 tentata
1146 4080 1208 4129 aunt.
1235 4075 1326 4127 Mehler
1344 4076 1401 4142 legit

273 4174 491 4237 σημοίκωκ--
499 4174 654 4238 χαρίζεται,
673 4186 716 4237 pro
734 4188 769 4232 ec,
793 4171 855 4236 quod
871 4171 897 4220 in
915 4171 981 4222 codd.
998 4172 1048 4220 eat:
1067 4169 1233 4234 σημαῖνει-
1242 4168 1399 4234 χαρίζεται,

274 4278 335 4326 „quo
356 4264 419 4314 facto
440 4262 557 4326 adornato
580 4263 715 4314 concinnior
737 4264 851 4313 sententia
873 4262 964 4313 ridetm
985 4261 1089 4320 evasisse,
1112 4275 1165 4310 nec
1192 4262 1291 4308 tamen
1307 4260 1398 4309 omni·

273 4354 324 4404 bur
341 4354 476 4404 arimarii
494 4356 541 4404 est
559 4351 727 4404 absoluta?
746 4354 866 4405 Sententia
883 4354 989 4404 omuibus
1006 4351 1107 4402 numeris
1125 4349 1230 4402 absolata
1243 4350 1398 4416 erit,recepta

272 4444 323 4493 cod.
340 4445 415 4500 nocui
428 4443 538 4494 lectione:
554 4445 678 4507 σημαίνει
690 4472 764 4483 --
774 4445 950 4509 χαρίζεσθαι,
966 4443 991 4491 in
1007 4459 1075 4506 quam
1093 4443 1248 4492 coniecturam
1262 4439 1398 4491 facillimam

272 4533 345 4584 miror
368 4533 457 4584 nullum
479 4550 506 4584 ex
529 4533 645 4583 Heracliti
667 4535 793 4586 editoribus
817 4535 932 4596 incidisse,
958 4549 1030 4597 quum
1055 4537 1133 4583 tamen
1160 4549 1234 4580 -εται
1257 4533 1280 4580 et
1302 4533 1398 4580 -εσθαι

273 4625 357 4676 condes
373 4626 399 4676 in
416 4625 482 4676 codd.
500 4627 595 4677 confusa
611 4626 667 4675 sint.
