3442 5330
765 637 904 698 ’30

324 822 537 908 praeposui
568 844 704 886 versus
736 825 809 888 385.
841 845 917 906 quo
947 822 1107 886 orditur
1129 823 1292 906 necyiae
1315 822 1444 886 altera

325 941 431 1022 pars,
461 936 504 1000 ad
535 957 644 1020 quam
665 936 761 1000 haec
784 935 1003 1020 spectant.”
1028 936 1185 1000 Assentior
1208 936 1246 1000 de
1270 935 1373 1000 scholii
1397 957 1447 998 ar-

323 1055 478 1132 gumento,
513 1071 583 1112 nam
617 1049 650 1112 in
680 1049 779 1134 aprico
810 1053 855 1112 est
887 1048 919 1112 iu
949 1048 997 1112 his
1025 1049 1061 1112 de
1092 1049 1184 1112 altera
1209 1049 1340 1122 νεκυίας
1365 1053 1448 1133 parte

325 1161 494 1224 damnanda
525 1161 688 1246 disputari,
724 1162 860 1234 deloco,
884 1161 938 1224 ubi
961 1162 1166 1226 collocandum
1191 1162 1240 1238 sit,
1264 1184 1326 1226 non
1350 1182 1449 1225 assen-

324 1273 392 1336 tior.
425 1274 517 1350 Nam,
550 1281 586 1338 ut
607 1281 715 1338 notum
738 1281 792 1351 est,
816 1297 878 1338 non
900 1275 978 1338 hano
1002 1275 1133 1348 νεκυίας
1158 1282 1284 1360 partem,
1309 1275 1360 1338 sed
1384 1296 1449 1337 eam

324 1386 456 1463 demum,
488 1407 564 1470 quae
594 1387 702 1472 incipit
732 1409 761 1450 v.
794 1391 867 1450 568.
902 1387 977 1450 ἔνθ’
1009 1392 1080 1467 ἦτοι
1113 1389 1237 1450 Μίνωα
1261 1387 1346 1470 ἰ’δον,
1372 1388 1450 1458 Διὸς

324 1497 448 1575 dycaeo
480 1501 552 1563 οἷὸν
584 1506 640 1564 etc.
672 1499 803 1584 spuriam
834 1500 942 1564 habuit
972 1501 1174 1578 Aristarchus,
1199 1508 1230 1564 et
1252 1500 1390 1586 apposuit
1413 1499 1451 1562 ad

323 1611 441 1696 singula
464 1619 640 1696 argumenta
664 1621 719 1692 τῆς
743 1612 940 1693 deceperas,
965 1614 1076 1698 quibus
1097 1613 1236 1699 deinceps
1257 1613 1308 1676 alii
1328 1634 1450 1697 respon-

323 1725 442 1801 derunt,
468 1726 568 1790 omnia
591 1725 627 1790 ab
646 1747 686 1818 leo
710 1725 881 1811 improbata
903 1727 1037 1790 Homero
1061 1727 1257 1803 vindicantes
1281 1726 1451 1788 utiterum

323 1839 436 1900 factum
467 1846 513 1902 est
544 1839 576 1901 in
608 1837 758 1920 δευτέρᾳ,
792 1861 868 1922 quae
900 1839 1019 1917 dicitur,
1054 1840 1181 1920 νεκοίᾳ,
1207 1839 1295 1902 initio
1317 1837 1388 1902 libri
1410 1863 1446 1899 ω.

323 1949 438 2033 Incipit
462 1949 557 2033 igitur
579 1951 744 2035 disputatio
767 1950 944 2038 Aristarchi,
970 1974 1039 2015 cum
1063 1952 1190 2016 aliorum
1206 1951 1449 2023 refutationibus,

323 2099 368 2108 -
397 2061 451 2126 ubi
481 2063 513 2126 id
536 2067 710 2148 potuerunt,
734 2101 778 2110 —
806 2087 849 2128 vs.
877 2069 951 2141 568,
975 2072 1013 2127 ut
1035 2072 1163 2150 oportet,
1188 2066 1248 2129 ita:
1276 2068 1447 2128 νοθεύεται

206 2229 212 2245 .
322 2173 415 2258 μέχρι
447 2180 502 2238 τοῦ
535 2176 598 2256 ,ὣς
624 2175 725 2239 εἰπὼν
751 2179 769 2238 ὁ
795 2179 855 2257 μὲν
881 2168 979 2249 αὖθις
1005 2176 1062 2241 ἕδν
1087 2177 1186 2258 δόμον
1211 2178 1330 2250 ’Ἄϊδος
1354 2178 1448 2241 εἰ’σω”

260 2371 262 2375 ,
325 2287 430 2377 (627.)
463 2291 570 2354 καίτοι
600 2289 657 2353 οὐκ
690 2292 782 2364 ὄντες
815 2290 944 2367 α’γενεῖς
968 2294 1040 2373 περὶ
1067 2297 1126 2371 τὴν
1151 2298 1281 2374 φράσιν.
1307 2292 1387 2374 ὑπὲρ
1414 2289 1448 2352 δὲ

323 2408 378 2481 τῆς
409 2402 591 2482 ἅθετήσεως
620 2403 729 2468 αὐτῶν
763 2403 892 2481 λέγεται
926 2403 1047 2468 τοιάδε·
1077 2410 1145 2478 πῶς
1177 2399 1244 2469 οἶδε
1270 2411 1404 2478 τούτους
1429 2410 1449 2484 ἤ

324 2520 396 2590 τούς
421 2515 555 2590 λοιπούς·
581 2515 641 2580 ε”σοο
671 2522 737 2582 τῶν
762 2517 884 2582 εἈιδον
909 2516 1023 2582 πολῶν
1048 2520 1146 2591 ὄντας
1172 2520 1226 2580 καὶ
1252 2524 1317 2581 τῶν
1342 2542 1447 2580 ποτα-

323 2638 408 2709 μῶν,
432 2639 463 2694 et
486 2631 527 2696 sic
550 2632 649 2716 pergit
672 2632 709 2696 ad
732 2655 789 2696 vss.
816 2634 890 2709 570,
916 2635 990 2709 573,
1017 2634 1090 2708 577,
1106 2635 1167 2696 580
1189 2639 1244 2696 etc.
1268 2631 1447 2714 His'itaque

323 2744 456 2829 adiungo
477 2753 615 2810 nostrum
637 2747 858 2831 fragmentum
883 2746 981 2832 priora
1004 2747 1041 2810 de
1060 2746 1198 2832 Sisypho,
1218 2768 1262 2810 vs.
1276 2748 1350 2820 593,
1367 2767 1444 2829 quac
1479 2723 1481 2730 ¹

324 2864 491 2940 sequuntur
522 2859 559 2921 de
591 2851 732 2936 Hercule,
763 2883 806 2924 vs.
841 2864 904 2923 600
937 2882 1029 2944 seqq,
1056 2860 1093 2923 de
1116 2882 1177 2944 quo
1200 2880 1300 2922 revera
1322 2856 1443 2940 legitur,

321 2992 365 3033 vs,
391 2974 464 3033 615.
491 2972 558 3033 ἐπεὶ
583 2970 653 3034 ἰ’δεν
677 2970 913 3052 ὀφθαλμοῖσιν,
939 2978 970 3035 et
993 2979 1059 3034 tum
1082 2978 1161 3034 recte
1180 2971 1351 3056 quaeritur:
1374 2979 1444 3040 ποίε

320 3085 362 3161 μὴ
386 3081 472 3144 πιὼν
497 3085 533 3144 τὸ
558 3075 639 3162 αἷμα
662 3087 827 3159 γινώσκει.
853 3085 955 3166 Atque
978 3085 1015 3148 ad
1038 3084 1167 3148 eundem
1188 3083 1361 3159 Herculem,
1385 3105 1446 3146 non

321 3195 358 3258 ad
389 3195 655 3279 Agamemnonem,
689 3196 823 3260 scholion
853 3196 939 3273 illud,
972 3197 1053 3280 quod
1081 3203 1200 3260 nostrae
1231 3195 1446 3281 disputationis

321 3307 444 3370 initium
464 3308 533 3385 fuit,
553 3308 703 3394 pertinere
715 3308 790 3372 mihi
801 3308 924 3394 quidem
936 3316 1019 3374 extra
1031 3309 1157 3372 dubium
1170 3309 1302 3394 positum
1314 3308 1444 3372 videtur.

366 3421 450 3486 Haec
480 3423 541 3486 fere
564 3429 644 3500 sunt,
668 3423 700 3486 in
723 3423 833 3506 quibus
856 3422 1039 3509 explicandis
1063 3422 1137 3487 mihi
1164 3445 1233 3486 oum
1256 3422 1446 3486 Bnttmanno

320 3557 381 3600 non
404 3536 553 3600 convenit.
580 3535 671 3606 (duod
695 3543 796 3601 autem
819 3543 886 3623 post
909 3544 1028 3602 tantum
1051 3537 1194 3622 temporis
1214 3535 1354 3621 spatium,
1377 3542 1445 3620 post

250 3687 254 3694 ·
321 3656 368 3712 tot
387 3672 474 3714 nova
506 3649 638 3714 subsidia
668 3658 793 3736 reperta,
826 3658 894 3738 post
924 3651 1116 3727 incrementa,
1146 3672 1222 3734 quae
1245 3649 1302 3712 hoe
1331 3648 1446 3712 studio-

319 3784 386 3826 rum
417 3785 512 3847 genus
543 3765 652 3829 nostris
680 3765 866 3851 temporibus
889 3765 977 3850 cepit,
1002 3771 1064 3828 tam
1085 3786 1179 3849 pauca
1201 3763 1233 3826 in
1257 3762 1321 3826 eius
1345 3762 1446 3826 obser-

320 3876 490 3941 vationibus
507 3877 704 3962 improbanda
723 3879 846 3956 fuerint,
866 3879 899 3942 id
919 3900 988 3942 vero
1005 3877 1070 3941 eius
1082 3876 1222 3940 editionis
1234 3874 1444 3961 praestantiam

320 3989 407 4054 nobis
429 3989 551 4074 quidem
571 3990 690 4054 abunde
713 3991 862 4056 declarare
885 3990 1013 4055 videtur.

364 4103 438 4167 Non
468 4110 568 4168 tamen
582 4127 584 4132 ’
600 4103 797 4168 Guilielmum
828 4103 1030 4180 Dindorfium,
1063 4125 1091 4167 v.
1124 4101 1160 4164 el.
1193 4122 1443 4188 supervacaneum

321 4238 396 4302 opus
423 4217 536 4294 fecisse,
567 4216 648 4300 quod
680 4239 758 4281 anno
790 4220 875 4280 1855
908 4215 980 4279 haec
1012 4215 1132 4292 scholia,
1166 4237 1211 4278 ex
1234 4213 1446 4278 codicibus

321 4337 438 4394 aucta
468 4337 506 4395 et
537 4330 763 4407 emendata,
795 4330 906 4393 iterum
936 4329 985 4392 edi
1016 4328 1172 4404 curaverit,
1203 4336 1293 4391 etex
1317 4327 1446 4390 coeatis

321 4443 511 4526 intelligitur,
544 4442 626 4527 quod
660 4444 866 4508 Buttmannus
889 4443 1025 4506 codicum
1049 4466 1105 4529 ope
1127 4443 1174 4505 uti
1196 4464 1257 4505 non
1282 4441 1391 4526 potuit,
1416 4447 1446 4502 et

322 4579 359 4624 ex
382 4578 426 4635 eo,
451 4558 542 4642 quod,
568 4535 735 4643 quaepost
758 4557 923 4622 absolutam
943 4558 1064 4622 demum
1083 4556 1173 4620 huius
1193 4554 1354 4619 editionem
1374 4575 1445 4640 sup-
