3442 5330
890 641 933 702 42

347 830 490 907 σημεῖον.
522 826 600 912 App.
625 847 654 911 p.
681 824 756 910 7⁷3)
791 824 873 908 quod
895 829 1058 909 utrumque
1081 823 1260 910 exquisitius
1283 825 1400 890 dictum
1421 833 1469 890 est

347 959 401 1024 pro
424 938 553 1025 simplici
586 936 731 1024 genitivo.
756 937 857 1002 Simili
881 937 971 1002 modo
993 937 1149 1002 turbatum
1169 944 1218 1002 est
1238 938 1272 1003 in
1295 938 1408 1004 scholio
1430 939 1468 1003 ad

349 1051 377 1126 ζ.
413 1053 486 1124 230,
517 1051 551 1116 in
582 1052 661 1138 App.
694 1057 859 1116 memorato
882 1075 911 1138 p.
939 1053 1001 1115 769
1025 1072 1061 1128 ex
1084 1050 1112 1115 B
1137 1050 1211 1137 (ΤΡ)
1236 1051 1273 1118 de
1294 1074 1359 1117 voc.
1383 1059 1468 1116 πάσ-

348 1189 441 1232 σονα·
467 1171 651 1251 παχύτερον
677 1165 741 1229 α’πό
766 1168 822 1229 τοῦ
847 1167 965 1251 παχός,
991 1166 1133 1250 παχίων,
1158 1171 1304 1244 πάσσων,
1325 1167 1368 1240 ὡς
1388 1165 1467 1228 οἷπό

348 1285 487 1358 θᾶσσον,
519 1271 632 1358 ἆσσον,
665 1280 699 1345 in
731 1278 843 1363 quibus
873 1278 1034 1344 delendum
1065 1278 1129 1342 α’πό
1158 1301 1195 1344 ex
1224 1280 1468 1366 praecedentibus

348 1392 519 1479 repetitum.

393 1513 429 1569 θ.
465 1509 494 1570 l.
526 1506 590 1585 ἠὼς
627 1509 663 1592 [ct
684 1504 801 1591 η’μέρα]
832 1507 981 1588 σημαίνει
1006 1504 1122 1590 πολλὰ,
1146 1509 1198 1570 ὁτὲ
1222 1508 1282 1588 μὲν
1307 1509 1343 1570 τό
1366 1514 1469 1572 κατά-

348 1643 454 1702 στημα
478 1627 534 1700 τῆς
558 1619 690 1704 ἡμέρας·
714 1657 759 1668 -
782 1622 835 1683 ότὲ
860 1619 895 1683 δὲ
919 1626 941 1701 η’
964 1623 1130 1702 σωματικὴ
1154 1624 1230 1696 θεός
1255 1627 1312 1686 etc.
1337 1621 1469 1706 adquae

348 1735 482 1800 conferre
504 1734 589 1798 iubet
612 1734 788 1800 Dindorfius
810 1757 886 1821 quae
908 1734 1051 1820 leguntur
1072 1735 1109 1799 ad
1130 1759 1155 1798 ε.
1179 1739 1208 1813 l,
1231 1735 1275 1824 (p,
1297 1740 1371 1813 etl,
1390 1735 1410 1800 l.
1433 1738 1466 1821 3)

347 1848 482 1912 eiusdem
516 1848 638 1932 qnidam
673 1849 851 1926 sententiae,
891 1848 943 1912 sed
976 1849 1010 1913 in
1049 1848 1148 1936 verbis
1185 1848 1357 1936 discrepans
1391 1849 1467 1914 alius

348 1960 478 2025 auctoris
510 1959 653 2025 scholion.
685 1961 808 2026 Plane
838 1961 986 2026 iisdem
1015 1967 1116 2027 autem
1145 1962 1297 2041 verbis,
1329 1963 1381 2028 sed
1404 1963 1468 2027 sine

349 2072 456 2158 putido
490 2070 676 2150 emblemate,
713 2072 794 2156 qnod
827 2073 945 2150 seclusi,
981 2072 1124 2158 leguntur
1160 2075 1242 2154 haec,
1274 2099 1350 2161 quae
1380 2098 1468 2162 supra

350 2183 465 2271 scripsi,
489 2185 523 2248 in
546 2185 632 2248 codd.
657 2184 744 2249 ADL
767 2186 805 2250 ad
830 2185 919 2250 lliad.
944 2187 983 2249 Θ.
1011 2190 1040 2250 l.

395 2322 424 2361 κ.
458 2301 532 2361 169.
566 2297 667 2371 οὕτως
698 2295 732 2360 δὲ
764 2296 814 2361 δεῖ
837 2303 937 2381 νοεῖν,
961 2299 1011 2361 ὅτι
1037 2296 1194 2384 ἑβάσταζε
1219 2304 1279 2382 τὴν
1304 2299 1469 2383 ἕλαφονὸ

353 2408 526 2483 Ὀδυσσεύς
556 2409 678 2491 μεταξό
711 2417 766 2490 τῆς
798 2409 939 2493 κεφαλῆς
971 2415 1025 2476 καί
1058 2417 1123 2478 τῶν
1147 2414 1259 2496 ὤμων·
1284 2412 1382 2497 μέσον
1406 2419 1467 2499 γὰρ

351 2527 417 2589 τῶν
442 2521 554 2589 ποδῶν
579 2527 645 2589 τῶν
669 2527 740 2588 ἄνω
764 2523 835 2610 ἔσχε
860 2529 919 2606 τὴν
942 2525 1031 2591 ἰδίαν
1054 2525 1198 2609 κεφαλὴν
1221 2526 1468 2615 [ό’οδυσσετίς].

349 2639 392 2704 Et
413 2639 447 2704 in
468 2639 541 2705 haec
564 2637 694 2723 digitum
721 2639 888 2704 intendisse
911 2638 1047 2704 sufficiat.

392 2752 537 2817 Eiusdem
560 2752 678 2838 generis
701 2751 844 2816 mendum
867 2753 1060 2818 commissum
1083 2760 1129 2818 est
1153 2754 1190 2818 ad
1213 2752 1243 2816 λ.
1266 2758 1340 2819 520.
1359 2754 1468 2838 Εὐρυ-

349 2863 451 2939 πυλος
473 2868 491 2926 ό
515 2865 702 2950 Ἀστυόχης
725 2903 769 2913 -
792 2871 871 2938 παῖς
896 2864 1007 2950 λαχὼν
1033 2870 1092 2946 τὴν
1117 2870 1276 2951 πατρῴαν
1296 2865 1399 2952 α’ρχὴν
1412 2874 1468 2949 τῆς

349 2980 484 3052 Μυσίας
506 2981 696 3062 προίστατο.
722 2983 908 3060 πυθόμενος
933 2977 968 3041 δὲ
992 2979 1143 3060 Πρίαμος
1166 2982 1239 3064 περὶ
1268 2986 1323 3062 τῆς
1350 2988 1484 3052 τούτου,

349 3090 514 3171 δυνάμεως
534 3089 679 3173 ἔπεμψεν
704 3092 746 3163 ὡς
771 3091 871 3156 αὐτὸν
888 3091 945 3154 ἵνα
969 3089 1197 3174 παραγένηται
1222 3099 1396 3179 σύμμαχος.
1422 3097 1468 3159 εί-
1524 3091 1525 3095 ’

349 3209 468 3278 πόντος
493 3202 527 3267 δὲ
553 3202 653 3266 αὐτοῦ
678 3204 721 3276 ὡς
746 3201 803 3267 οὐκ
829 3201 904 3283 ἐξῆν
928 3202 1016 3284 αὐτῷ
1048 3203 1103 3267 διὰ
1126 3209 1186 3284 τὴν
1209 3205 1469 3292 μητέρα,’ἐ’πεμ-

349 3335 413 3398 ψεν
445 3321 463 3379 ό
492 3317 642 3400 Πρίαμος
674 3321 715 3398 τῇ
737 3319 832 3398 μητρί
858 3315 958 3380 αὐτοῦ
982 3316 1089 3401 δῶρον
1118 3320 1320 3406 [Ἀστυόχη]
1349 3329 1468 3406 χρυσῆν

348 3427 509 3512 ἄμπελον·
534 3435 555 3509 η’
580 3427 613 3494 dr'
640 3427 785 3514 λαβοῦσα
809 3435 868 3510 τὴν
890 3429 1038 3512 ἄμπελον
1063 3435 1120 3501 τόν
1144 3433 1216 3498 υίόν
1241 3432 1388 3518 ἔπεμψεν
1413 3435 1468 3500 ἐπὶ

349 3544 522 3628 στρατείαν
549 3541 607 3631 (sic
630 3543 670 3622 V,
695 3548 833 3627 στρατὸν
857 3545 896 3621 Q,
920 3552 1052 3632 praestat
1073 3547 1198 3611 fortasse
1222 3548 1408 3637 στρατιάν),
1429 3551 1468 3615 όν

350 3656 583 3740 Νεοπτόλεμος
613 3695 657 3706 -
689 3657 830 3742 οἰναιρεί.
864 3659 903 3722 In
934 3660 982 3725 his
1005 3659 1137 3747 primum
1159 3659 1362 3747 inopportuna
1385 3661 1469 3729 sedes

351 3780 465 3838 certum
496 3772 644 3837 indicium
675 3776 731 3851 est,
763 3773 889 3839 verbum
911 3772 1063 3838 inclusum
1085 3796 1122 3840 ex
1146 3775 1281 3859 margine
1303 3775 1467 3862 irrepsisse,

353 3886 461 3952 deinde
483 3887 565 3971 quod
592 3886 651 3950 loci
674 3887 822 3973 emphasis
845 3886 878 3951 in
900 3885 1045 3951 vocabulo
1066 3892 1168 3971 μήτηρ
1173 3935 1182 3966 ,
1207 3909 1270 3952 non
1299 3889 1332 3953 in
1364 3889 1468 3954 metris

353 3999 475 4065 nomine
490 4007 545 4078 est,
565 4000 687 4064 tandem
707 3999 788 4083 quod
800 3998 876 4064 illud
888 3998 1005 4063 omittit
1021 3996 1086 4064 cod.
1108 3999 1147 4079 Q,
1161 4022 1251 4085 quem
1261 4000 1467 4068 Buttmannns

353 4121 472 4178 secutus
494 4121 549 4191 est,
573 4114 659 4178 ouius
682 4113 775 4177 miror
797 4111 990 4176 Dindorfium
1012 4113 1160 4178 rationem
1178 4137 1241 4179 non
1262 4114 1412 4180 habuisse.

395 4225 425 4299 ξ.
450 4228 524 4290 112.
547 4226 660 4291 advoc.
674 4230 804 4306 σκοίφος.
816 4222 928 4307 διχῶς,
955 4227 1009 4286 καί
1033 4229 1052 4288 o‘
1074 4232 1193 4308 σκύφος
1217 4229 1272 4290 καί
1293 4228 1329 4290 τό
1349 4233 1469 4309 σκνφος

361 4337 579 4424 [ederetque]
597 4336 767 4403 Delendum
787 4322 972 4420 οὐδετέρως,
998 4339 1083 4403 cuius
1105 4341 1222 4425 generis
1243 4339 1420 4406 emblemata
1435 4341 1469 4406 in

354 4452 615 4536 grammaticorum
634 4450 720 4515 libris
739 4449 851 4535 ubique
872 4450 1135 4537 deprehenduntur
1152 4452 1264 4538 ubique
1283 4453 1467 4540 expellenda.

395 4564 455 4630 Sed
485 4565 606 4650 gravius
638 4564 737 4630 atl'ecit
767 4571 955 4651 praepostera
977 4566 1169 4654 interpolatio
1190 4567 1311 4653 longius
1334 4568 1469 4638 scholion
