3442 5330
854 653 873 714 8

305 844 361 907 τὸν
395 839 469 905 νέον
503 839 700 924 ἐθεράπευσε
732 843 773 920 τῇ
803 842 860 918 τῆς
882 817 1011 916 ἡλικίας
1035 839 1214 920 ὁμοιότητι,
1240 836 1425 912 ἐπιδεικνύς

304 956 347 1029 ὥς
370 952 441 1018 οὐδ’
462 952 559 1027 αὐτὸς
580 954 834 1037 ἐσκυθρώπασεν
854 952 907 1014 ἐπὶ
928 957 969 1034 τῇ
988 949 1209 1036 πρεσβυτέρου
1221 956 1423 1034 προτιμήσει,

306 1069 411 1154 (Dind.
436 1091 465 1156 p.
490 1067 609 1132 12321.
636 1066 702 1152 15),
735 1088 794 1150 quo
825 1065 1001 1143 declaratur,
1035 1064 1248 1131 Telemachum
1274 1087 1337 1130 non
1359 1089 1426 1130 suc-

304 1204 423 1248 censere
453 1179 623 1257 Pisistrato,
654 1179 794 1244 Nestoris
825 1178 898 1256 filio,
930 1179 1012 1262 quod
1041 1178 1185 1257 Mentori,
1218 1184 1324 1266 utpote
1353 1185 1427 1243 natu

304 1293 420 1371 maiori,
453 1293 593 1380 poculum
625 1292 709 1379 prius
740 1291 908 1357 tradiderit.
932 1291 1014 1356 Fieri
1037 1298 1137 1357 tamen
1160 1298 1268 1378 potest,
1293 1291 1427 1356 utillud

184 1475 186 1480 ,
304 1408 354 1470 ὅτι
375 1410 405 1484 ό,
426 1428 463 1470 ex
483 1406 597 1492 optimo
616 1404 772 1469 Marciano
792 1403 895 1469 codice
913 1405 1072 1482 insertum,
1090 1403 1428 1471 iudiciumsitamissae

303 1519 471 1585 Aristonici
500 1522 599 1596 notae,
632 1518 669 1582 ad
695 1517 879 1583 abstractum
903 1515 1056 1601 ὁμηλικίη
1079 1540 1134 1604 pro
1156 1516 1271 1600 ὁμῇλιξ
1294 1518 1427 1604 positum

303 1633 514 1720 explicandum
545 1631 622 1718 (Ofr.
653 1633 687 1716 β.
714 1635 796 1710 158;
827 1655 904 1710 -μ,
940 1634 1013 1715 364,
1044 1630 1098 1696 ubi
1128 1652 1165 1696 ex
1191 1631 1232 1694 H.
1256 1630 1427 1715 ὁμηλικίη·

304 1746 380 1811 ιὶντὶ
404 1749 460 1809 τοῦ
484 1742 647 1827 ὁμήλικας
668 1749 699 1809 et
719 1743 747 1818 ζ.
769 1744 835 1829 23).
860 1739 922 1809 Sed
939 1744 997 1809 hoc
1016 1743 1178 1808 admodum
1196 1744 1346 1808 incertum
1363 1767 1428 1809 esse

304 1859 391 1924 facile
414 1858 583 1936 concedam,
615 1857 779 1923 dummodo
801 1856 877 1920 mihi
901 1861 1005 1921 contra
1028 1856 1218 1934 concedatur,
1243 1856 1427 1923 observatio-

303 1993 383 2048 nem,
407 1991 497 2054 quam
519 1992 556 2034 ex
579 1969 615 2034 M
638 1976 670 2034 et
693 1969 839 2056 onsui,
862 1990 924 2033 uon
947 1970 1043 2035 videri
1066 1992 1131 2035 esse
1150 1969 1326 2035 Aristonici.

348 2084 458 2167 Neque
488 2084 584 2168 magis
612 2083 677 2147 eius
700 2088 755 2160 est,
781 2082 862 2167 quod
884 2083 997 2167 legitur
1019 2083 1057 2148 ad
1080 2107 1112 2160 y.
1140 2085 1213 2160 372,
1237 2083 1275 2148 de
1297 2083 1426 2162 Athena,

304 2196 407 2262 subito
438 2195 510 2260 deae
539 2196 666 2260 formam
693 2195 848 2272 induente,
873 2192 917 2282 (p.
944 2198 1018 2261 157.
1041 2196 1062 2260 l.
1086 2195 1158 2280 22):
1183 2195 1264 2280 ὑπὲρ
1289 2198 1345 2260 τοῦ
1369 2222 1426 2259 πι-

306 2312 434 2374 στεῦσαι
467 2314 535 2383 τοῖς
568 2305 754 2391 λεγομένοις
786 2309 859 2382 rode
891 2307 1073 2384 οἰκοήοντας
1108 2311 1232 2390 ἐκφανῆ
1268 2287 1425 2374 ποιοῦσαν

305 2425 426 2502 εἀοτήν
451 2425 639 2506 παρεισάγει
663 2425 723 2502 τήν
748 2423 827 2486 θεόν
853 2420 904 2510 (ex
927 2420 986 2505 M),
1016 2444 1076 2506 quo
1098 2423 1164 2488 loco
1188 2445 1225 2487 ex
1249 2422 1428 2488 auctoritate

305 2534 463 2601 Harleiani
495 2534 562 2620 (Η.)
595 2535 684 2616 ,ὅτι
714 2534 816 2620 ὑπὲρ
850 2539 917 2599 κτέ.
950 2535 1144 2621 legendum,''
1176 2536 1320 2601 suadente
1348 2535 1427 2600 Din-

305 2650 409 2727 dorfio,
444 2648 542 2714 Praei.
577 2671 606 2734 p.
639 2671 669 2712 n.
703 2649 778 2714 Nou
811 2670 956 2737 repugno,
992 2650 1082 2716 modo
1112 2672 1151 2715 ne
1180 2649 1258 2714 hanc
1293 2648 1331 2714 ob
1365 2671 1428 2715 rem

304 2763 471 2830 Aristonici
489 2770 563 2828 nota
585 2768 717 2849 putetur.

349 2877 401 2942 Sic
423 2876 499 2941 mihi
518 2875 642 2960 quidem
659 2896 722 2941 non
743 2875 906 2940 admodum
924 2874 1246 2941 Aristoniceavidetur
1258 2875 1427 2942 observatio

306 2990 343 3055 ad
367 3014 393 3052 ε.
420 2992 494 3067 310,
518 2990 568 3052 ὅτι
592 2988 840 3072 ὑπερεμάχησαν
865 2990 921 3053 τοῦ
946 2989 1093 3068 σώματος
1113 2985 1427 3073 ἈχιλλὲιοςὊδοσ-

305 3102 375 3175 οεής
401 3102 457 3189 καὶ,
485 3099 584 3178 Αἴας,
610 3101 665 3162 καὶ
689 3103 707 3163 ό
728 3101 787 3181 μὲν
810 3101 981 3184 ἐβάστασε,
1002 3102 1021 3162 ὁ
1040 3097 1074 3163 δὲ
1089 3098 1423 3186 Αἲαςῦπερήσπισεν,

305 3216 349 3287 ὥς
372 3214 427 3276 καὶ
452 3213 505 3276 ἐπὶ
528 3208 726 3295 Πατρόκλῳ.
760 3211 822 3276 Gir.
846 3211 967 3277 Scholia
989 3211 1122 3277 Bekkeri
1144 3212 1182 3276 ad
1205 3212 1240 3278 P.
1265 3214 1334 3279 init.
1366 3214 1426 3278 Sed

172 3365 175 3372 ·
304 3327 382 3392 hanc
403 3333 507 3393 notam
536 3347 599 3390 non
621 3329 685 3402 tam
707 3325 892 3390 confidenter
914 3346 1005 3408 quam
1028 3331 1157 3390 caeteras
1178 3325 1352 3392 Aristonico
1373 3326 1427 3392 ab·

305 3443 439 3509 iudicare
461 3440 538 3507 volo.

349 3555 461 3642 Igitur,
493 3553 565 3617 haec
595 3551 621 3616 si
644 3550 819 3638 probantur,
843 3542 985 3618 numerus
1007 3552 1268 3618 Aristoniceorum
1290 3552 1426 3619 Scholio-

307 3692 375 3735 rum
405 3667 442 3731 ad
472 3666 646 3752 Odysseam,
679 3665 705 3730 si
735 3665 888 3730 Dindorfii
919 3666 1020 3731 indice
1043 3666 1184 3732 standum
1207 3671 1263 3746 est,
1286 3667 1367 3733 redit
1388 3668 1426 3732 ad

306 3780 427 3866 viginti.
462 3780 522 3844 Sed
552 3779 649 3844 levem
678 3779 833 3858 iacturam,
865 3801 957 3863 quam
988 3780 1037 3844 his
1059 3778 1158 3845 tribus
1179 3780 1255 3845 locis
1278 3780 1426 3846 damnatis

305 3893 440 3972 fecimus,
464 3892 508 3957 ita
530 3892 664 3970 sarciam,
688 3899 724 3956 ut
746 3892 850 3958 statim
873 3892 1020 3958 adducam
1039 3893 1112 3958 satis
1130 3915 1275 3979 magnum
1292 3893 1427 3960 locorum

304 4026 473 4083 numerum,
502 4003 539 4068 ab
569 4005 619 4068 ὅτι
651 4004 872 4091 incipientium,
907 4005 970 4090 qui,
1001 4006 1104 4072 nescio
1131 4029 1190 4090 qua
1212 4007 1251 4071 de
1273 4029 1370 4085 causa,
1393 4006 1426 4072 in

304 4117 456 4185 Dindorfii
478 4116 578 4182 indice
600 4116 817 4183 desiderantur.
838 4117 890 4182 Sic
909 4119 946 4183 ad
964 4119 996 4204 β.
1020 4122 1072 4183 10.
1093 4119 1161 4182 ὅτι
1182 4117 1256 4183 οὐδὲ
1278 4116 1427 4184 ἐνταῦθα

276 4221 411 4314 ’μνήμη
447 4230 496 4304 τίς
527 4227 595 4293 ἔστι
628 4237 684 4312 τῆς
715 4236 857 4314 Κρήτης,
890 4237 994 4298 contra
1017 4217 1289 4298 Zenodotums—
1313 4233 1350 4318 fi:
1373 4233 1425 4298 87.

305 4352 364 4428 στῇ
387 4343 422 4408 δὲ
445 4342 526 4429 μέση
551 4343 668 4430 α’μορῇ]
698 4367 765 4407 οτι
790 4342 823 4407 δι

304 4459 362 4522 κὸν
393 4459 431 4521 ὄν
463 4460 499 4520 τὸ
533 4455 610 4531 ἔθος
641 4459 825 4541 τετήρηται.
859 4455 955 4547 (HS).
987 4459 1126 4525 Pertinet
1154 4459 1236 4524 haud
1266 4458 1358 4524 dubie
1388 4459 1426 4524 ad

301 4568 497 4636 chorizantcs.
527 4605 573 4618 —
602 4570 652 4636 Ad
683 4568 714 4636 d.
750 4573 824 4637 590.
852 4570 919 4635 ὅτι
944 4571 1002 4636 οὐκ
1025 4574 1080 4658 ἂν,
1105 4574 1133 4637 εἰ
1155 4565 1325 4656 τέθριππα
1348 4568 1425 4656 ᾔδε-
