3442 5330
826 641 865 701 al

278 845 370 887 nemo
404 821 577 899 mirabitur,
596 823 660 906 ,qui
692 829 820 909 reputet,
855 822 1053 907 etymologiae
1076 821 1228 887 inscitiam
1251 841 1408 886 commune

281 959 347 1001 esse
379 935 573 1020 antiquitatis
606 935 717 1000 malum
741 942 773 999 et
795 935 887 1001 etiam
911 937 1041 1022 optimos
1065 958 1289 1021 nonnumquam
1312 943 1410 1002 trans-

280 1073 383 1115 versos
408 1049 552 1136 rapuisse.
578 1051 629 1114 Sic
651 1050 764 1135 legitur
787 1051 826 1114 ad
851 1074 883 1112 α.
913 1053 952 1114 75
978 1050 1142 1115 bellissima
1159 1051 1258 1115 hercle
1277 1052 1409 1117 nominis

281 1164 411 1248 Odyssei
436 1163 628 1248 etymologia,
653 1188 671 1228 a
693 1165 870 1230 doctissimo
895 1172 1025 1243 auctore,
1050 1165 1153 1230 Sileno
1177 1164 1265 1244 Chio,
1289 1167 1409 1252 excogi-

280 1285 353 1356 tata,
377 1277 427 1341 his
451 1276 569 1342 verbis:
595 1276 738 1360 Ὅμηρος
761 1280 821 1360 μὲν
849 1276 1054 1360 ἐτυμολογῶν
1080 1283 1136 1344 τὸν
1161 1278 1323 1344 Ὀδυσσέα
1347 1306 1406 1344 πε-

281 1392 394 1474 ποίηκε
431 1393 489 1454 τὸν
527 1389 726 1455 Αὐτόλυκον
763 1389 916 1469 λέγοντα·
952 1390 1144 1474 ,μτολλοῒσιν
1177 1396 1238 1478 γὰρ
1270 1393 1333 1472 ε’μώ
1367 1394 1405 1476 δὴ

281 1504 502 1585 ὀδυσσάμενος
536 1502 603 1566 τὸδ’
638 1503 774 1569 ἱκάνω.”
802 1509 835 1566 Σ
845 1504 993 1588 ιληνὸς
1018 1504 1193 1594 (Σειληνὸς
1216 1508 1407 1574 scribendum

283 1641 347 1683 esse
370 1626 451 1684 reete
477 1626 580 1683 monet
603 1619 779 1683 Dindorfius
806 1621 840 1684 in
862 1620 932 1684 Ind.
957 1643 985 1706 p.
1012 1621 1088 1707 805)
1119 1619 1160 1684 δὲ
1188 1625 1207 1685 ὁ
1229 1626 1337 1697 Χῖος
1363 1624 1404 1687 ἐν

282 1732 469 1818 δευτέρῳ
492 1738 692 1815 μυθικῶν
715 1735 918 1818 ἱστοριῶν
943 1733 1024 1823 (ἐστὶ
1046 1732 1080 1797 δὲ
1103 1733 1299 1820 διίοβιβλία)
1322 1734 1407 1800 Ἀν-

282 1846 428 1912 τίκλειάν
463 1870 540 1930 φησι
573 1852 632 1928 τὴν
671 1846 852 1920 Ὀδυσσέως
882 1847 1005 1931 μητέρα
1038 1848 1199 1928 ε’μκιίμονα
1230 1846 1406 1913 ὀδειίουσαν

282 1965 369 2046 παρὰ
406 1964 443 2024 τὸ
479 1965 643 2045 Νήριτον,
677 1963 755 2047 ὅπερ
789 1960 856 2025 ἐστιΙ
890 1969 946 2042 τῆς
979 1967 1117 2044 Ἰθάκης
1149 1964 1233 2045 ὄρος,
1267 1963 1407 2037 ὕσαντος

281 2074 364 2139 πολι)
398 2079 455 2138 τοῦ
489 2076 567 2150 Διὸς
599 2076 661 2139 ὑπὸ
693 2075 838 2155 α’μιουίας
867 2078 922 2140 καί
947 2078 1051 2160 φόβου
1077 2079 1324 2141 καταπεσοῦσαν
1350 2081 1406 2142 τὸν

282 2188 444 2254 Ὀδυσσέα
480 2189 667 2268 οἷποτεκεῖν,
695 2193 750 2253 καί
776 2188 831 2252 διὰ
864 2193 958 2253 τοῦτο
991 2194 1111 2273 ταύτης
1143 2197 1199 2270 τῆς
1229 2189 1406 2274 ὀνομασίας

281 2311 407 2388 τυχεῖν,
442 2301 553 2383 ἐπειδὴ
586 2306 694 2366 κατὰ
719 2308 793 2384 την
820 2302 919 2368 ὁδὸν
943 2287 1040 2368 ὗσεν
1065 2307 1083 2367 o‘
1105 2305 1223 2378 Ζεδς.
1248 2306 1409 2389 Leguntur

281 2418 354 2482 haec
387 2417 495 2481 iisdem
530 2439 651 2502 prorsus
682 2417 782 2482 verbis
814 2423 957 2503 concepta
974 2417 1021 2513 'in
1051 2418 1263 2502 Etymologioo
1293 2418 1407 2502 Magno

285 2531 354 2616 (eol.
389 2535 451 2594 558
484 2531 530 2595 ed.
563 2530 659 2616 Syib.)
693 2537 724 2595 et
754 2531 787 2594 in
818 2509 1029 2616 Etymologico
1055 2531 1196 2595 Gudiano
1220 2532 1290 2618 (ool.
1315 2528 1406 2617 419),

282 2644 428 2722 breviora,
460 2645 512 2708 sed
544 2643 578 2707 in
601 2644 727 2709 eandem
750 2644 940 2721 sententiam,
965 2642 998 2707 in
1021 2644 1132 2708 Seholl.
1157 2644 1194 2708 ad
1218 2667 1250 2705 α.
1279 2647 1330 2720 21,
1354 2642 1407 2708 ubi

282 2758 362 2841 quod
393 2756 549 2821 adnotavit
579 2757 678 2821 editor
708 2756 910 2841 „etymologia
938 2757 1072 2843 inepta‚''
1093 2756 1130 2820 de
1153 2754 1293 2819 omnibus
1316 2755 1405 2840 paulo

288 2870 539 2943 reconditioribus
562 2877 630 2935 tuto
653 2871 714 2935 dici
738 2876 847 2956 potest.
872 2869 1019 2934 Eiusdem
1041 2868 1160 2954 generis
1182 2875 1229 2933 est
1248 2868 1405 2955 pervulga-

281 2982 400 3047 tissima
422 2983 474 3047 illa
496 3007 560 3048 voc.
585 2983 783 3066 οἰσοίμινθος,
809 2982 873 3046 α’πὸ
898 2987 954 3047 τοῦ
977 2985 1051 3056 ἄσις
1074 2989 1095 3063 ἠ
1120 2985 1231 3066 ῥιίπος,
1258 2986 1327 3063 η’τις
1350 3008 1405 3064 μι-

282 3101 377 3160 νιίθει
400 3098 453 3160 καὶ
479 3095 633 3178 α’φανίζει
659 3096 759 3160 αὐτόν
786 3098 828 3182 (p.
853 3101 926 3161 166.
948 3098 968 3160 l.
991 3098 1022 3183 6)
1046 3119 1135 3182 quam
1148 3104 1304 3183 propterea
1315 3098 1406 3163 etiam

281 3211 521 3294 commemoravi,
554 3211 624 3295 qnia
647 3211 728 3274 idem
751 3210 864 3294 legitur
887 3234 915 3295 p.
943 3213 1015 3274 394.
1041 3211 1060 3274 l.
1087 3213 1116 3273 1.
1142 3210 1325 3292 οίοάμινθος
1350 3210 1404 3274 λε’-

282 3348 373 3400 μεται
395 3321 450 3385 διὰ
472 3327 506 3387 τὸ
526 3326 680 3405 μινιίθειν
703 3326 757 3387 καί
781 3317 852 3387 οἷον
866 3322 1041 3404 ἀφανίζειν
1056 3327 1115 3403 τὴν
1135 3327 1241 3406 ἄσην
1262 3328 1333 3404 ἤτοι
1348 3328 1403 3389 τὸν

283 3441 398 3521 ῥυπον,
420 3437 484 3514 ubi,
505 3437 647 3522 quoniam
668 3438 807 3522 frequens
827 3441 873 3501 est
892 3438 1074 3522 permutatio
1091 3436 1304 3502 vocabulorum
1327 3440 1404 3519 ἄση,

281 3552 358 3637 quod
393 3551 544 3636 significat
569 3549 653 3634 λιίπη
678 3559 709 3615 et
732 3554 818 3627 ἄσις,
845 3553 957 3633 ῥιίπος,
982 3551 1190 3614 scribendum:
1216 3553 1328 3613 ἄσιν.
1354 3551 1406 3613 Sic

282 3666 319 3729 ad
351 3664 381 3728 δ.
416 3669 490 3729 563.
523 3665 613 3729 datur
639 3665 712 3728 haee
736 3669 791 3727 τοῦ
816 3663 979 3727 Ἠλυσίου
1007 3661 1122 3727 πεδίου
1147 3662 1344 3747 etymologia:
1370 3664 1404 3724 ἐκ

282 3785 337 3841 τοῦ
362 3777 437 3843 λιίω.
465 3776 600 3842 λιίονται
632 3779 693 3859 γὰρ
716 3781 781 3841 τῶν
806 3779 971 3862 βιωτικῶν
998 3775 1123 3857 δεσμῶν
1148 3775 1179 3837 οἱ
1202 3772 1405 3848 ἀπελθόντες

283 3893 358 3954 ἐκεῖ.
393 3893 447 3955 καὶ
481 3892 564 3954 κατὰ
597 3888 801 3971 πλεονασμὸν
834 3894 889 3953 τοῦ
923 3887 1141 3972 ηἨλυσιον.
1166 3889 1281 3952 Nostra
1305 3893 1405 3952 antem

282 4004 318 4067 de
349 4027 453 4090 campo
483 4004 588 4089 Elysio
620 4005 742 4090 seholia,
775 4005 856 4089 quod
884 4004 1005 4081 mirum,
1029 4005 1061 4069 in
1085 4002 1189 4066 multis
1212 4024 1273 4067 non
1298 4024 1405 4067 eonve-

281 4117 372 4181 niunt
394 4140 462 4180 cum
485 4117 534 4195 iis,
556 4140 631 4202 qnae
651 4119 732 4204 apud
752 4117 950 4202 Hesychinm‚
972 4118 1107 4192 suidam,
1127 4114 1406 4201 Etymologioorum

285 4230 454 4294 conditores
485 4231 596 4316 scripta
627 4237 707 4307 sunt,
735 4231 788 4315 qui
812 4238 911 4295 antem
934 4253 1046 4306 omnm,
1072 4227 1218 4291 utfaeile
1241 4231 1406 4294 conferenti

284 4349 376 4428 patet,
407 4343 535 4407 eundem
566 4351 718 4408 auctorem
751 4345 827 4408 alins
859 4344 917 4408 alio
948 4345 1038 4407 modo
1070 4347 1290 4426 excerpserunt.
1316 4343 1408 4414 Quod

282 4457 372 4520 etiam
390 4456 468 4520 hanc
487 4457 526 4520 ob
547 4480 666 4522 causam
686 4459 869 4523 monendum
890 4457 973 4535 duxi,
994 4453 1138 4543 quoniam
1150 4455 1297 4538 Hesychii
1308 4458 1408 4523 locum

282 4592 318 4634 ex
340 4571 545 4655 Etymologici
569 4571 703 4637 Gudiani
725 4570 883 4638 collatione
903 4572 1010 4637 melius
1032 4569 1213 4634 constituere
1233 4593 1320 4657 posse
1331 4572 1407 4637 mihi
