3454 5330
843 667 883 746 17

296 869 361 936 fieri
380 891 466 958 posse
484 891 546 935 non
565 868 695 936 videtur.
716 869 777 935 Sed
796 869 917 935 videtur
936 875 1065 936 tantum.
1085 871 1167 937 Nam
1178 895 1240 939 non
1251 873 1311 940 nisi
1326 894 1422 940 unum

296 984 475 1051 vocabulum
505 984 589 1050 deest
618 985 712 1072 idque
743 984 992 1071 monosyllabum,
1016 1007 1180 1072 pronomen
1203 987 1362 1055 relativum
1390 991 1422 1074 ἃ,

296 1101 377 1186 quod
407 1099 554 1166 excidisse
584 1099 757 1165 mirandum
788 1122 851 1166 uon
882 1105 937 1179 111,
971 1123 1066 1185 quum
1096 1101 1222 1168 verbum
1245 1103 1422 1190 praecedens
1513 1163 1515 1169 ,
1576 1105 1578 1111 ’

296 1214 418 1279 finiatur
439 1237 474 1280 ea
495 1213 591 1293 litera,
617 1211 753 1304 (τολμᾷ)
784 1220 816 1279 11
838 1237 966 1301 sequens
996 1214 1125 1304 (αὐτὸν)
1148 1239 1182 1282 ea
1203 1216 1338 1303 incipiat.
1363 1217 1422 1281 Le-

295 1328 428 1414 gendum
449 1329 568 1414 itaque:
592 1329 653 1413 όρα
679 1332 738 1409 τὴν
761 1327 948 1411 εὐτολμίαν.
974 1328 1012 1394 οὐ
1032 1331 1093 1414 γὰρ
1113 1331 1150 1394 τό
1164 1329 1423 1396 κινδυνωδέστα-

296 1467 353 1508 τον
382 1446 466 1527 όρῶν
491 1447 557 1509 τῶν
583 1443 721 1527 ἑταίρων
747 1441 783 1507 οὐ
809 1443 948 1527 φρίττει,
973 1442 1059 1507 οίλλό
1083 1446 1138 1507 καί
1163 1444 1303 1528 πλησίον
1327 1467 1424 1531 προσ-

296 1555 424 1644 έρχεται
446 1559 501 1622 καί
525 1557 740 1637 διαλέγεσθαι
766 1556 880 1642 τολμᾷ,
901 1557 952 1647 (ἃ)
975 1558 1075 1623 αὐτόν
1099 1559 1163 1622 οἰπό
1181 1565 1286 1642 πάσης
1310 1557 1423 1624 ἐπιθέ-

297 1693 372 1746 σεως
396 1672 576 1754 πλανήσειν
598 1670 744 1756 ἔμελλεν,
760 1671 1014 1758 quemadmodum
1026 1671 1119 1762 paulq
1127 1679 1211 1760 post:
1225 1670 1423 1747 ἀξιοπίστως

298 1785 464 1872 ἐνίστηοιυ
491 1787 849 1875 (1111111111υνίστησιν,
875 1786 1066 1852 commendat
1089 1809 1130 1865 11,
1156 1788 1208 1851 cfr.
1233 1788 1264 1872 β.
1291 1789 1365 1851 171.
1389 1812 1420 1870 η.

298 1905 361 1966 225
385 1904 457 1989 111.)
481 1903 600 1968 ἑαυτὸν
623 1903 675 1966 ἐπί
698 1909 738 1988 τῇ
759 1906 904 1988 πρόσθεν
918 1899 1125 1984 εὐδαιμονίᾳ,
1148 1902 1423 1986 προσποιούμενος

296 2014 483 2093 ε’πελπίζειν
513 2018 674 2106 ,σωτηρίας
707 2023 785 2102 παρ’
810 2015 910 2081 αὐτοῦ
936 2015 1121 2096 τεύξεσθαι,
1146 2017 1245 2100 ὅπερ
1270 2015 1422 2102 οἷφῄρει

296 2137 435 2197 πᾶσαν
477 2129 709 2206 ἐπιθέσεως
749 2130 975 2198 ὑπόνοιαν.
1014 2131 1182 2217 Hucusque
1212 2141 1294 2197 nunc
1324 2130 1424 2196 omnia

296 2253 375 2312 reete
408 2246 583 2334 procedunt.
616 2245 676 2312 Sed
710 2245 783 2331 quid
814 2245 986 2311 faciendum
1024 2245 1077 2312 illo
1109 2245 1303 2329 ε’πιφανείςΡ
1337 2245 1424 2310 Num

297 2379 365 2425 cum
383 2359 628 2447 praecedentibus
650 2358 919 2447 coniungendam?
946 2361 990 2424 At
1011 2360 1220 2447 uuusquisque
1242 2366 1310 2447 post
1333 2357 1424 2441 ἔμελ-

296 2471 352 2538 λεν
386 2473 464 2539 nihil
494 2475 532 2538 ad
566 2473 747 2540 sententiam
785 2479 864 2540 recte
903 2473 1133 2560 intelligendam
1171 2473 1285 2558 requiri
1320 2473 1421 2538 sentit.

296 2587 356 2652 Sed
390 2589 437 2653 fac
470 2588 611 2655 verbum·
630 2589 801 2672 ἐπιφανείς
832 2589 998 2655 necessario
1027 2588 1065 2652 ad
1096 2587 1303 2674 praecedentia
1332 2587 1424 2674 perti-

295 2722 375 2780 nere,
413 2700 487 2788 quid
517 2702 649 2779 tandem,
684 2725 804 2788 quaeso,
836 2708 899 2766 est:
932 2702 952 2763 ἃ
985 2700 1085 2766 αὐτὸν
1117 2700 1182 2765 α’πὸ
1213 2707 1318 2783 πάσης
1348 2698 1423 2763 ἐπι-

295 2813 417 2892 θέσεως
448 2814 628 2896 πλανήοειν
661 2813 794 2899 ἔμελλεν
828 2813 1024 2897 ἔπιφανείςΡ
1059 2814 1102 2877 Ε1
1130 2814 1205 2900 quid
1236 2813 1294 2879 sibi
1316 2814 1424 2880 volunt

296 2927 467 3015 sequentia:
498 2929 556 3014 οὐχ
588 2930 631 3004 ὥς
667 2931 868 3014 πρόσκειται,
904 2927 979 2991 ἀλλ’
1014 2925 1127 3000 ἁπλῶς
1163 2927 1235 3011 ἔφη,
1273 2949 1349 3011 quae
1380 2923 1432 2992 sic

295 3042 393 3128 posita
423 3065 543 3108 omnem
565 3043 796 3129 explicationem
820 3040 990 3129 respuunt?
1022 3040 1082 3104 Sed
1113 3039 1139 3104 si
1166 3040 1241 3106 mihi
1268 3040 1326 3105 hoe
1352 3063 1423 3106 con-

295 3155 422 3234 ceditur,
454 3156 537 3242 prins
568 3156 703 3222 scholion
726 3163 795 3244 post
819 3153 952 3239 ἔμελλεν
977 3156 1021 3222 ita
1046 3137 1313 3232 esseabsolntum,
1336 3159 1372 3218 ut
1394 3155 1422 3220 ei

294 3267 372 3333 nihil
398 3269 477 3335 desit
503 3277 535 3335 11
560 3270 804 3350 nihiladditum
828 3270 970 3358 patiatur,
1002 3292 1068 3356 spes
1091 3275 1138 3334 est
1168 3270 1245 3348 fore,
1270 3275 1306 3332 ut
1331 3269 1422 3334 etiam

294 3382 367 3448 haec
388 3383 596 3449 restituantur.
622 3384 702 3449 Tum
724 3385 806 3449 enim
830 3385 863 3449 in
890 3384 1084 3472 sequentibus
1109 3383 1419 3470 circumspiciendum,

294 3497 437 3584 numquis
460 3519 562 3564 versus
584 3499 618 3564 in
641 3499 753 3565 vicinia
780 3500 829 3579 sit,
853 3499 903 3564 cui
925 3498 999 3564 haee
1021 3498 1156 3584 adaptari
1178 3497 1304 3585 possint.
1330 3497 1421 3568 Quod

294 3610 320 3675 si
349 3612 485 3692 facimus,
516 3613 654 3679 videmus
686 3613 723 3678 ad
755 3635 799 3679 va.
826 3615 907 3678 347:
945 3611 1106 3696 Κύκλωψ,
1140 3622 1192 3693 τῆ,
1226 3613 1279 3676 πίε
1313 3603 1419 3690 οίνον,

295 3723 364 3790 ἐπεὶ
397 3703 496 3808 ηόιγες
528 3727 691 3815 ἀνδρόμεα
722 3727 814 3814 κρέα,
848 3728 921 3792 haec
951 3726 1088 3793 adnotari
1117 3727 1151 3792 in
1186 3725 1217 3798 Q
1247 3745 1316 3791 cum
1346 3723 1421 3790 lem-

294 3847 374 3905 mate
404 3843 458 3907 πίε
489 3835 594 3908 οἶνον.
620 3846 657 3908 τό
681 3843 757 3928 ,πίε
782 3834 896 3909 οίνον”
929 3844 972 3917 ὡς
1003 3842 1083 3927 πρὸς
1107 3842 1143 3905 τὸ
1168 3843 1261 3925 ,ἐπεὶ
1285 3833 1420 3924 obryso-'³

295 3953 496 4040 συγγένηται
529 3956 563 4021 δὲ
597 3962 633 4023 τό
660 3962 716 4024 τοῦ
747 3960 918 4044 βρώματος
943 3949 1040 4037 εἶδος,
1067 3957 1134 4021 ἐπεί
1156 3955 1215 4042 οὐχ
1239 3957 1282 4031 ὡς
1309 3955 1418 4021 αἴτιον

295 4074 478 4156 πρόκειται.
512 4073 704 4160 Quamquam
732 4074 765 4139 in
795 4073 844 4140 his
874 4071 1072 4156 συγγένηται
1102 4077 1276 4158 corruptum
1307 4077 1362 4150 est,
1387 4077 1423 4136 ut

294 4185 386 4251 etiam
408 4187 585 4255 Dindorfius
608 4188 788 4269 observavit,
813 4209 870 4255 nee
886 4187 983 4254 habeo
1004 4185 1154 4274 quomodo
1174 4184 1339 4264 emendem,
1362 4182 1421 4249 hoc

295 4300 401 4366 saltem
423 4302 628 4390 perspicimus,
652 4326 716 4369 esse
738 4302 810 4369 huic
833 4303 947 4369 scholio
964 4323 1033 4368 cum
1052 4308 1156 4368 nostro
1173 4300 1263 4368 verba
1275 4298 1422 4384 quaedam

295 4417 475 4497 communia,
499 4418 585 4483 etin
613 4441 648 4483 eo
671 4419 796 4504 moneri,
821 4420 911 4486 verba
934 4420 1001 4484 ἐπεί
1025 4423 1124 4502 φάγες
1144 4415 1308 4502 ολνόρὸμεα
1329 4413 1420 4500 κρέα,

295 4553 357 4596 non
379 4554 444 4598 1111
466 4530 570 4598 acerbe
593 4531 700 4620 posita,
725 4538 760 4597 ut
783 4533 872 4620 paulo
899 4541 978 4614 11111,
1004 4532 1074 4622 (οὐχ
1094 4534 1137 4609 ὥς
1159 4532 1268 4597 α’ίτιον
1290 4535 1421 4617 upriust-

296 4649 365 4734 ται)
398 4647 451 4714 sed
482 4645 580 4715 solum
611 4647 809 4737 oppositionis
835 4649 942 4737 gratia,
973 4654 1117 4736 quaeest
1147 4640 1421 4715 intercinebat>
