3454 5330
770 693 833 754 105

119 864 122 872 ¹
238 880 344 958 verbis,
376 903 452 965 qnae
482 878 572 942 modo
608 873 803 952 mutavimus
833 873 1082 962 μεταβαλέσθαι
1113 878 1222 943 servari
1253 882 1360 965 potest,

237 1020 290 1083 pro
318 992 569 1080 μεταβληθῆναι
601 990 727 1068 dictum,
767 1012 862 1075 quum
894 991 1082 1076 sequioribus
1112 1015 1198 1079 saepe
1233 992 1360 1058 aoristns

237 1110 352 1176 medius
375 1132 429 1197 pro
459 1108 577 1196 passivo
600 1107 649 1171 sit.
673 1105 724 1170 Ad
747 1128 808 1172 rem
840 1107 921 1191 quod
943 1107 1061 1184 attinet,
1092 1119 1180 1172 nemo
1203 1107 1362 1172 mirabitur

237 1224 383 1309 virginem
409 1223 440 1289 vi
472 1243 670 1309 compressam
700 1227 764 1285 tam
791 1220 904 1286 crudeli
935 1243 1031 1308 poena
1052 1245 1070 1286 a
1091 1228 1175 1307 patre
1198 1221 1285 1299 affici,
1309 1221 1362 1305 qui

238 1337 408 1403 recordetur
430 1336 540 1401 horum
561 1334 666 1401 Ovidii
690 1334 728 1400 de
752 1329 940 1399 Leucothoes
961 1356 1057 1420 poena
1079 1355 1237 1400 versuum:

366 1499 424 1565 Ille
447 1496 547 1587 (pater
569 1495 752 1586 Orchamus)
776 1497 859 1561 ferox
886 1496 1166 1584 immansuetusque
1192 1504 1362 1585 precantem

201 1639 202 1642 ¹
280 1616 512 1701 tendentemque
537 1633 644 1678 manus
667 1611 705 1676 ad
727 1611 842 1676 lumina
866 1609 955 1689 Solis,
978 1616 1019 1683 et,
1045 1611 1103 1675 llle

280 1729 342 1793 vim
364 1726 438 1792 tulit
460 1726 584 1803 invitae,
609 1725 768 1802 dicentem,
793 1724 956 1789 defodit
978 1723 1061 1788 alta

281 1842 428 1906 crudus
450 1841 585 1905 humo:
610 1837 823 1922 tumulumque
846 1859 936 1923 super
957 1835 1057 1922 gravis
1079 1836 1164 1902 addit
1187 1859 1301 1902 arenae.

933 1951 1071 2036 (Metam.
1096 1949 1154 2014 IV.
1180 1953 1243 2016 237
1265 1952 1360 2038 seqq.)

236 2133 411 2216 Sequuntur
433 2129 523 2196 verba
544 2129 653 2196 misere
675 2135 815 2215 corrupta
838 2128 890 2194 sed
912 2151 947 2194 co
969 2129 1036 2216 ipso
1055 2129 1142 2194 facile
1166 2127 1359 2195 restituenda.

236 2245 359 2310 Dicitur
370 2244 529 2330 virginem,
550 2243 587 2308 ab
606 2242 748 2330 Apolline
767 2248 942 2329 stupratam,
967 2265 1062 2328 quum
1084 2243 1145 2307 iam
1164 2242 1197 2307 in
1216 2265 1251 2308 eo
1270 2248 1358 2320 assat,

236 2365 271 2424 ut
301 2381 318 2423 a
348 2364 433 2445 patre
460 2359 494 2423 in
524 2359 626 2444 ignem
657 2355 864 2434 conficeretur,
896 2355 1048 2443 Apollinis
1071 2356 1196 2422 consilio
1219 2363 1250 2422 et
1271 2357 1361 2422 benc-

237 2473 304 2537 ficio
327 2473 361 2537 in
384 2471 482 2538 virum
505 2495 568 2538 csse
592 2492 765 2536 conversam
791 2472 845 2534 nal
869 2471 971 2554 μίαν
995 2473 1070 2551 τὴν
1095 2468 1165 2560 (sic)
1189 2468 1358 2548 γενέσθαι.

235 2585 402 2664 Crederem,
436 2608 500 2651 eam
530 2586 563 2650 in
592 2585 692 2651 virum
714 2607 779 2649 esse
802 2607 984 2662 conversam,
1009 2585 1064 2648 καλ
1084 2590 1242 2677 μάντιν
1266 2587 1360 2663 μενέ-

235 2706 328 2778 ostar,
362 2698 473 2784 quibus
496 2698 595 2764 verbis
626 2697 792 2763 emendatis
810 2697 1004 2784 intelligitur,
1028 2697 1175 2762 eiicieuda
1197 2719 1261 2762 csse
1283 2720 1359 2783 quae

231 2815 264 2878 in
292 2815 352 2878 fine
375 2812 481 2879 scholii
502 2812 704 2898 leguntur:o‘
735 2810 777 2875 dt
801 2812 905 2884 Ζεύς
929 2809 1129 2896 δωρεῖται
1153 2815 1227 2891 τὴν
1259 2835 1358 2892 μαν-

232 2928 367 3006 τείαν,
389 2947 451 2990 non
473 2925 554 2991 enim
575 2925 705 2990 Tiresias
728 2931 759 2990 et
781 2924 819 2989 ab
841 2925 983 3011 Apolline
1008 2930 1039 2990 ct
1062 2923 1152 2988 simul
1171 2948 1189 2988 a
1211 2924 1284 2990 Iove
1306 2947 1358 2990 va-

231 3039 439 3106 ticinationem
473 3039 605 3125 accipere
628 3043 737 3125 potest.
759 3037 899 3104 Insiticia
921 3061 986 3104 esse
1008 3061 1044 3104 ea
1066 3037 1157 3104 verba
1179 3037 1270 3104 etiam
1292 3061 1358 3104 ora-

230 3153 323 3218 tionis
360 3153 456 3216 forma
493 3151 603 3237 arguit,
637 3173 708 3218 nam
736 3173 832 3238 quum
869 3151 971 3218 omnia
1009 3150 1216 3240 praecedentia
1239 3149 1359 3237 oblique

122 3322 124 3328 .
230 3265 311 3330 dicta
335 3266 406 3343 sint,
430 3288 447 3330 a
469 3263 562 3330 verbo
584 3267 660 3348 φησὶ
683 3265 732 3332 vel
763 3267 842 3348 φασὶ
872 3265 1044 3353 pendentia,
1068 3266 1142 3331 haec
1165 3266 1267 3331 subito
1291 3289 1357 3332 ora-

229 3379 312 3445 tione
336 3379 449 3443 directa
479 3377 631 3457 dicuntur,
661 3385 693 3444 et
723 3378 866 3445 videntur
896 3379 1065 3445 adhaesisse
1097 3402 1134 3444 ex
1157 3381 1217 3445 fine
1241 3367 1356 3459 scholii,

230 3492 322 3558 simili
345 3491 374 3557 ei
396 3489 509 3557 scholio
540 3492 622 3576 quod
653 3493 687 3557 in
709 3491 775 3564 HQ
796 3492 917 3578 legitur.
942 3493 1056 3558 Totum
1078 3515 1161 3558 nunc
1182 3493 1282 3558 locum
1305 3493 1358 3557 ad-

231 3605 369 3684 scribam,
406 3604 660 3689 quemadmodum
690 3625 760 3670 eum
788 3604 951 3690 legendum
982 3627 1046 3670 esse
1077 3605 1209 3670 conieci:
1250 3629 1356 3688 πηρω-

230 3725 333 3800 θῆναι
358 3717 389 3783 d’
413 3717 513 3784 αὐτὸν
539 3716 647 3808 (φησί)
669 3715 851 3802 Φερεκύδης
872 3715 986 3782 ἰδόντα
1006 3721 1066 3798 τὴν
1086 3716 1248 3801 Ἀθηνᾶν
1262 3715 1356 3782 λοοο-

228 3829 332 3915 μένην
357 3833 392 3897 ἐν
418 3829 622 3915 solim.
659 3830 754 3918 (deest
783 3831 918 3900 fluminis
948 3830 1082 3917 nomen.)
1118 3829 1365 3914 Ἀρίαιθος,

230 3942 272 4007 δὲ
300 3943 394 4033 (sivet
417 3942 546 4008 ἄλλοι
571 3943 645 4033 δὲ,)
678 3931 848 4029 παρθένον
872 3943 1084 4029 ὑπάρχουσαν
1109 3945 1164 4008 καὶ
1190 3949 1357 4028 appronat-

234 4079 295 4122 σαν
318 4056 380 4121 ὑπὸ
405 4054 633 4136 Ἀπόλλωνος,
661 4058 676 4120 ε’
685 4083 703 4122 ν
727 4063 779 4141 τῷ
809 4057 963 4121 καίεσθαι
987 4055 1119 4140 μέλλειν
1139 4056 1201 4120 ὑπὸ
1226 4055 1356 4142 Εὐήρον

229 4172 285 4234 τοῦ
318 4171 452 4255 πατρὸς,
486 4172 531 4244 εἷς
560 4169 667 4256 ἄνδρα
698 4169 945 4257 μεταβαλὲσθαι
980 4173 1011 4257 (i.
1036 4195 1061 4236 e.
1085 4168 1353 4259 μεταβληθῆναι)

229 4286 341 4369 γνώμῃ
374 4287 430 4348 τοῦ
461 4286 540 4348 θεοῦ
571 4287 626 4348 καὶ
649 4291 809 4367 μάντιν
842 4283 1011 4364 γενέσθαι.
1046 4286 1101 4347 nal
1133 4285 1213 4365 μετὰ
1245 4285 1350 4346 ταῦτα

227 4397 341 4481 Ἥραν
380 4398 532 4482 ἐρίσασαν
571 4401 652 4480 μετὰ
682 4400 761 4473 Διὸς
797 4401 884 4484 [καὶ]
920 4399 992 4482 περὶ
1029 4403 1085 4476 τῆς
1120 4394 1238 4477 ἡδονῆς
1274 4403 1352 4480 παρ’

226 4508 371 4595 ὁποτέρῳ
402 4511 439 4573 τὸ
470 4507 583 4574 πλεῖόν
617 4512 684 4574 ἔστι
717 4513 889 4597 Τειρεσίαν
924 4507 1069 4595 ἐρέσθαι.
1105 4509 1161 4574 τὸν
1186 4507 1228 4572 δὲ’
1246 4509 1351 4572 εἰπεῖν

226 4625 277 4686 δτι
306 4620 432 4706 μᾶλλον
464 4621 576 4706 ἣδεται
608 4628 703 4705 γυνή.
739 4623 869 4690 διὸκαὶ
896 4628 1091 4711 neocaesar
1124 4621 1186 4687 ὑπὸ
1211 4621 1349 4704 “Ἠρας.,
