3454 5330
879 659 942 728 110

347 849 468 913 ὁππότε
486 873 541 914 ιιεν
563 847 602 930 δὴ
624 852 745 922 πάντες
765 845 989 930 ἐλαυνομένην
1011 846 1211 931 προΐδωνται
1227 847 1282 935 (sc.
1296 850 1355 926 τὴν
1370 848 1471 936 ναῦν)

347 959 420 1026 tau
445 961 509 1026 a'nd
533 959 678 1040 πτόλιος,
704 966 817 1026 θεῖναι
843 960 942 1026 λίθον
967 962 1084 1039 ἐγγύθι
1109 963 1205 1043 γαίης

349 1078 407 1158 νηΐ·
426 1081 492 1159 θοῇ
514 1073 624 1142 ἰἰιελον
649 1076 707 1141 ἵνα
731 1074 945 1158 θαυμάζωσιν
970 1076 1116 1149 ἅπαντες

345 1192 530 1272 ἄνθρωποι,
552 1187 637 1270 μέγα
661 1187 696 1252 δέ
721 1211 798 1272 σφιν
822 1190 895 1272 ὄρος
919 1186 1011 1255 πόλει
1036 1185 1284 1272 ἀμφικαλύψαι.

346 1303 380 1368 Si
404 1303 443 1368 ad
464 1303 522 1368 hoc
543 1303 627 1368 Iovis
650 1324 826 1390 responsum
850 1303 941 1368 lectio
963 1303 1183 1389 Aristophaneo
1206 1301 1351 1378 trabatur,
1375 1301 1418 1364 ita
1438 1309 1475 1364 ut

346 1438 408 1481 non
437 1437 482 1480 ve.
515 1419 581 1481 152
612 1417 664 1482 sed
693 1439 736 1482 vs.
762 1420 826 1482 158
852 1423 975 1503 spectet,
999 1439 1062 1482 non
1084 1416 1182 1482 solum
1204 1437 1265 1479 non
1289 1414 1473 1500 repudianda

345 1528 507 1608 videbitur,
539 1530 591 1594 sed
620 1531 719 1606 unica,
753 1552 829 1614 quse
853 1531 954 1596 sensui
978 1538 1046 1617 apta
1069 1531 1118 1595 sit.
1142 1529 1258 1594 Elorum
1280 1529 1371 1605 enim,
1396 1549 1474 1610 qnae

344 1642 461 1729 Iupiter
483 1642 567 1720 dicit,
591 1642 664 1708 baec
687 1643 752 1708 sine
775 1643 869 1708 dubio
893 1644 1042 1709 sententia
1065 1650 1128 1708 est:
1154 1644 1188 1707 Si
1212 1643 1286 1727 quid
1309 1664 1357 1706 me
1376 1640 1472 1718 audis,

344 1755 417 1821 eatis
439 1755 497 1822 erit
518 1756 689 1822 Phaeacum
711 1779 818 1824 navem
843 1758 877 1822 in
904 1757 1034 1844 lapidem
1057 1764 1190 1822 mutasse
1213 1763 1244 1820 et
1268 1778 1330 1820 uon
1351 1756 1475 1840 insuper

344 1891 448 1934 eorum
470 1869 576 1936 urbem
599 1877 701 1936 monte
723 1869 858 1936 immisso
881 1877 1030 1937 evertere:
1054 1869 1160 1953 μηδέ
1186 1892 1262 1951 σφιν
1287 1871 1360 1953 ὄρος
1381 1865 1473 1932 πόλει

346 1980 591 2067 ἀμφικαλύψαι.

352 2213 353 2218 ’
390 2183 476 2250 Talia
505 2184 602 2272 igitur
633 2183 730 2249 multo
761 2184 847 2271 plura
871 2183 941 2250 dere
965 2184 1194 2252 destinaveram.
1219 2185 1344 2263 Verum,
1369 2207 1475 2269 quam·

345 2320 436 2384 quam
458 2298 492 2363 id
509 2297 625 2364 invitus
648 2297 735 2374 facio,
768 2298 806 2363 ab
836 2319 924 2384 opere
945 2298 1159 2365 discedendum
1183 2305 1237 2364 est.
1265 2299 1347 2363 Nam
1370 2319 1474 2363 veren-

345 2413 428 2491 dum,
453 2412 479 2477 ei
502 2411 612 2490 omnia,
638 2433 713 2496 quae
736 2411 828 2476 etiam
847 2411 885 2476 de
904 2433 1012 2497 genere
1034 2413 1092 2477 hoc
1114 2412 1191 2477 mihi
1216 2412 1372 2477 observata
1391 2418 1472 2486 sunt,

344 2526 404 2591 huc
425 2525 583 2614 proferam,
606 2547 644 2591 nc
667 2525 700 2590 in
722 2525 884 2592 immanem
907 2527 1017 2592 molem
1039 2525 1159 2592 libellus
1183 2532 1341 2591 excrescat.
1368 2524 1472 2597 Quum

345 2647 455 2718 autem,
479 2638 644 2705 secuudum
666 2639 801 2704 iocosum
825 2639 1007 2706 Graecorum
1027 2639 1153 2719 dictum,
1174 2641 1211 2705 de
1231 2639 1371 2704 omnibus
1383 2637 1470 2703 libris

343 2754 442 2820 valeat
475 2753 567 2818 illud:
602 2751 687 2834 μέγα
717 2752 849 2839 βιβλίον
879 2753 964 2836 μέγα
996 2754 1111 2831 κακὸν,
1145 2755 1177 2818 in
1208 2752 1293 2817 nullo
1324 2752 1471 2818 librorum

345 2888 453 2952 genere
482 2866 583 2932 verius
613 2866 671 2931 hoc
701 2867 820 2932 crimini
850 2867 914 2932 dari
930 2873 1044 2955 potest
1074 2889 1164 2952 quam
1191 2867 1224 2931 iu
1248 2866 1467 2942 dissertatione,

343 3003 420 3065 quae
454 2987 559 3066 suapte
581 2987 689 3047 nature
712 2981 811 3047 brevis
834 3004 897 3047 esse
920 2988 951 3048 ct
973 2982 1049 3048 solet
1071 2988 1102 3046 et
1125 2980 1225 3046 debet.
1248 2979 1419 3045 Accedebat
1441 2986 1472 3044 ct

344 3092 402 3157 ulia
429 3115 526 3170 ceusu,
559 3115 613 3157 cur
634 3093 730 3158 multa
752 3094 927 3159 huiusmodi
950 3117 1031 3160 nunc
1053 3116 1225 3183 expromere
1248 3093 1406 3158 noluerim.
1432 3093 1470 3155 In

344 3205 458 3300 multis,
492 3205 518 3269 ei
548 3205 619 3270 inde
650 3227 735 3271 veros
762 3207 879 3271 fructus
911 3187 949 3271 ad
972 3207 1167 3272 Homericam
1191 3208 1281 3272 crisin
1304 3207 1482 3272 redundare.

343 3316 493 3396 volumus,
516 3338 563 3382 res
585 3318 651 3404 ipsa
672 3318 800 3403 flagitat,
825 3327 860 3384 ut
884 3326 953 3384 ante
977 3319 1014 3384 de
1036 3320 1144 3386 horum
1164 3320 1354 3386 scholiorum
1368 3326 1471 3383 aucto·

342 3431 442 3508 ritate,
467 3429 504 3495 de
527 3431 653 3516 origine,
679 3432 715 3496 dc
739 3435 916 3517 cognatione
939 3456 1009 3498 cum
1031 3433 1161 3499 Scholiis
1185 3435 1222 3500 ad
1243 3435 1370 3498 iliadem
1384 3455 1471 3498 accu-

343 3545 439 3610 ratius
472 3544 653 3632 disputetur,
689 3553 724 3610 ut
755 3545 793 3612 de
823 3548 913 3613 variis
945 3548 1126 3614 lectionibus
1158 3555 1267 3634 pateat,
1299 3555 1402 3612 utrum
1434 3569 1471 3609 ex

343 3657 476 3744 Didymo
496 3666 635 3748 excerpta
657 3659 718 3725 sint
741 3683 780 3726 an
802 3669 890 3728 natac
914 3685 950 3728 ex
974 3663 1108 3729 socordia
1131 3661 1247 3727 librarii
1270 3660 1471 3747 antiquiorem

342 3774 477 3840 codicem
495 3775 684 3862 negligenter
704 3776 894 3855 conferentis,
915 3784 951 3840 ut
972 3777 1154 3842 scholiorum
1166 3781 1311 3853 auctores,
1323 3781 1471 3860 quantum

342 3888 407 3952 fieri
437 3890 541 3976 possit,
572 3889 764 3976 indagentur,
796 3894 827 3955 et
857 3890 954 3955 multa
983 3889 1040 3954 alia
1064 3889 1247 3967 huiusmodi,
1272 3911 1348 3975 quae
1370 3887 1472 3952 omnia

343 4000 464 4088 lougius
487 4003 631 4091 temporis
654 4005 784 4091 spatium
807 4003 945 4089 exigunt,
969 4025 1059 4088 quam
1082 4005 1162 4088 quod
1186 4026 1268 4069 nunc
1287 4004 1335 4068 his
1355 4003 1471 4090 impen-

343 4115 413 4180 dere
443 4117 528 4204 potui
560 4122 591 4183 et
621 4118 838 4205 provectiorem
869 4123 1006 4196 aetatem,
1038 4139 1077 4182 ue
1107 4118 1235 4184 iuvenili
1258 4139 1357 4183 errore
1386 4115 1471 4180 labar

343 4227 377 4292 in
399 4230 456 4294 hoc
487 4230 657 4296 studiorum
679 4251 798 4317 genere,
822 4230 904 4314 quod
926 4231 1137 4317 primariorum
1161 4233 1194 4297 in
1216 4231 1312 4296 literis
1336 4231 1470 4296 virorum

343 4340 496 4407 laboribus
527 4343 710 4409 illustratum
742 4347 795 4408 est.
827 4344 935 4430 Itaque
965 4368 1000 4410 ea
1027 4367 1102 4432 quae
1134 4345 1203 4411 dedi
1233 4369 1314 4411 nunc
1337 4345 1470 4409 sufficere

344 4461 438 4534 ratus,
462 4455 501 4520 de
523 4457 630 4522 ceteris
652 4479 764 4544 usurpo
789 4457 870 4542 quod
893 4458 973 4547 apud
995 4460 1163 4526 Homerum
1186 4466 1248 4524 est:

454 4566 528 4633 ἀλλ’
552 4573 626 4650 ἤτοι
647 4573 707 4653 μὲν
732 4574 836 4635 ταῦτα
858 4578 1150 4658 μεταφρασόμεσθα
1175 4576 1228 4636 καὶ
1254 4565 1358 4647 αὖτις.
