3442 5330
814 649 854 712 31

278 834 425 921 plementa
454 835 541 920 plura
569 835 757 920 prodierunt,
790 833 892 899 abdita
910 832 1059 899 xiacebant
1081 834 1113 900 in
1136 835 1221 901 libris
1244 859 1397 924 program-

277 948 467 1034 matibusquo
489 949 639 1034 dispersis,
663 971 720 1013 nec
741 947 906 1032 unicuique
928 947 1037 1012 horum
1060 948 1195 1013 studioso
1219 949 1306 1013 facile
1329 972 1400 1014 con-

277 1061 417 1127 sulendis.
450 1063 501 1126 Sic
531 1063 643 1127 scholia
674 1063 785 1127 codicis
816 1060 971 1125 Harleiani
996 1059 1059 1148 (H)
1091 1062 1239 1147 descripta
1269 1070 1341 1127 sunt
1370 1071 1401 1128 et

277 1177 358 1241 edita
389 1201 407 1241 a
436 1175 467 1240 J.
498 1177 536 1241 A.
569 1175 710 1240 Cramero
741 1176 774 1238 in
804 1174 969 1239 Anecdotis
1000 1174 1154 1252 Parisinis,
1187 1176 1245 1240 vol.
1277 1177 1339 1240 HI.
1370 1200 1398 1262 p.

277 1293 462 1366 ‹ill—512,
487 1290 540 1375 qui
563 1289 595 1354 in
618 1290 724 1354 eodem
746 1287 909 1365 volumine,
934 1311 963 1373 p.
990 1291 1176 1366 tea—410,
1200 1289 1297 1354 edidit
1319 1290 1400 1354 codi-

277 1425 341 1466 cem
363 1404 534 1469 Parisinum
561 1427 607 1469 nr.
634 1408 721 1468 2894
746 1404 795 1488 (S)
820 1402 1024 1468 continentem
1047 1403 1159 1468 scholia
1181 1404 1213 1468 in
1236 1404 1400 1488 Odysseam

277 1539 371 1602 usque
390 1517 427 1581 ad
447 1543 479 1594 γ.
503 1521 556 1582 48.
576 1519 628 1582 Sic
646 1519 780 1582 codicem
799 1516 1062 1601 Hamburgensem
1081 1517 1237 1604 descripsit
1248 1525 1279 1581 et
1290 1518 1402 1583 scholia

276 1630 340 1695 eius
371 1631 500 1717 plurima
532 1633 628 1696 edidit
658 1631 695 1695 L.
719 1631 834 1696 Preller
866 1630 1006 1712 „duabus
1029 1632 1062 1694 in
1085 1631 1399 1708 commentationibus,

276 1745 368 1809 indici
379 1745 544 1810 lectionum
559 1745 772 1811 Universitatis
785 1745 982 1830 Dorpatensis
994 1743 1195 1844 praemissie‚''
1208 1766 1287 1809 anno
1302 1744 1397 1808 1839.

277 1857 342 1922 Hos
372 1859 488 1924 codices
518 1866 620 1945 postea
651 1859 793 1945 inspexit·
810 1858 996 1934 Dindorfius,
1020 1879 1076 1922 nec
1098 1857 1162 1922 sine
1185 1858 1295 1922 fructu.
1319 1858 1401 1922 Nam

276 1993 352 2057 quae
370 1973 461 2037 refert
480 1973 517 2037 de
538 1972 698 2037 collatione
716 1972 831 2038 codicis
855 1972 894 2035 S:
920 1993 1044 2056 „margo
1066 1993 1152 2057 saepe
1174 1970 1283 2036 detrita
1307 1979 1353 2036 est
1371 1979 1402 2037 et

278 2085 425 2172 scriptura
447 2092 510 2150 tam
533 2086 653 2172 pallida,
677 2091 714 2150 ut
735 2084 882 2149 nonnulla
905 2085 966 2170 legi
987 2108 1069 2150 nuuc
1096 2085 1400 2170 omnino'nequeant,

278 2198 406 2283 plurima
436 2198 517 2264 lectu
547 2198 680 2263 difficilia
711 2199 789 2276 sint3
821 2199 903 2263 unde
926 2200 1040 2264 factum
1062 2206 1099 2263 ut
1121 2198 1280 2264 Cramerus
1302 2237 1401 2248 -—

278 2312 339 2377 fere
361 2335 395 2377 ea
419 2319 539 2378 tantum
563 2315 690 2389 alienet,
713 2334 790 2397 quae
808 2311 891 2377 lectu
914 2311 1048 2376 faciliora
1071 2319 1178 2391 essent,
1202 2311 1318 2398 reliqua
1339 2335 1401 2376 non

278 2425 449 2510 attingeret,
473 2425 559 2512 plura
582 2425 672 2490 etiam
695 2447 756 2489 non
775 2431 855 2490 recte
874 2425 1018 2509 legeret,''
1039 2423 1152 2513 (Praef.
1166 2425 1401 2513 p.x1v)eadem

278 2539 377 2603 omnia
408 2539 499 2603 etiam
529 2539 567 2602 de
596 2537 730 2603 Orameri
760 2537 918 2603 collatione
950 2539 1015 2603 cod.
1041 2539 1073 2603 H
1100 2539 1206 2616 valere,
1230 2539 1402 2623 intelligent

279 2674 379 2716 omnes
410 2652 464 2737 qui
495 2659 618 2730 norunt,
650 2675 709 2738 qua
737 2653 844 2739 peritia
867 2652 981 2717 scilicet
1001 2651 1160 2717 Cramerus
1182 2653 1215 2716 in
1237 2652 1401 2732 Aueodotis

278 2766 339 2830 suis
369 2765 574 2830 describendis
603 2788 676 2831 usus
706 2766 808 2831 fuerit.
840 2766 927 2829 Idem
958 2786 1017 2828 usu
1047 2765 1131 2828 venit
1158 2765 1191 2828 in
1214 2764 1279 2828 cod.
1305 2764 1400 2828 Ham·

276 2877 418 2962 burgensi
443 2876 501 2966 (Τ)
525 2901 563 2943 ex
585 2901 645 2964 quo
668 2878 844 2943 Dindorfius
868 2876 1019 2963 „plurima
1041 2878 1130 2955 eruit,
1156 2899 1233 2962 quae
1252 2876 1401 2942 Prellerus

277 2993 424 3070 omiserat,
456 3014 553 3078 quum
576 2998 722 3056 nontam
745 2991 902 3056 exhaurire
925 2990 1036 3056 codicis
1059 2991 1167 3076 copias,
1192 3013 1282 3076 quem
1305 2991 1402 3077 ampla
1491 2989 1496 2998 ’

276 3105 347 3169 dare
365 3105 528 3190 specimina
546 3105 734 3192 propositum
753 3104 917 3182 habuisset,
930 3105 1063 3170 codicem
1075 3105 1174 3169 denuo
1186 3106 1401 3169 excutiendum

276 3218 379 3282 futuro
401 3218 584 3283 scholiorum
608 3218 718 3283 editori
741 3218 921 3303 relinquens.
947 3217 1048 3288 Quem
1070 3217 1234 3296 laborem,''
1247 3219 1402 3305 -pergit

276 3331 383 3409 editor,
407 3370 452 3379 -
476 3331 621 3413 „minime
643 3331 783 3396 inutilem
808 3331 901 3396 fuisse
920 3331 1128 3396 annotationes
1146 3339 1266 3396 nostrae
1284 3339 1315 3396 11
1326 3355 1401 3417 quae

276 3444 308 3507 in
331 3445 537 3531 Appendicem
562 3445 604 3534 (p.
632 3447 695 3509 133
720 3446 814 3531 seqq.)
847 3443 1029 3522 rettulimus,
1054 3444 1238 3508 ostendunt''
1274 3445 1314 3529 (p.
1338 3446 1399 3528 xr).

319 3558 442 3623 Praeter
475 3560 556 3637 haec,
588 3582 625 3623 ex
656 3565 740 3645 parte
772 3559 832 3623 iam
864 3557 954 3635 edita,
987 3557 1050 3643 ipse
1080 3539 1256 3623 Dindorfius
1287 3558 1401 3642 primus

276 3671 405 3735 contulit
436 3672 570 3737 codicem
601 3672 773 3738 Parisinum
803 3695 849 3736 nr.
882 3673 979 3743 2403,
1011 3693 1101 3756 quem
1124 3670 1294 3755 designavit
1315 3670 1402 3733 litera

276 3783 359 3848 Det
380 3785 514 3850 codicem
537 3785 739 3850 Bodleienum
763 3785 827 3871 (Ο),
852 3785 966 3849 fontem
989 3782 1179 3847 Scholiorum
1197 3783 1400 3868 vulgatorum

277 3895 338 3986 (V)
373 3898 626 3984 antiquissimum,
661 3898 834 3985 accepitque
868 3920 885 3960 1
919 3894 1044 3974 (lobeto,
1080 3919 1108 3960 v.
1141 3896 1177 3959 cl.
1211 3895 1400 3960 collationem

275 4011 368 4076 trium
416 4012 554 4078 codicum
599 4012 786 4090 Italicorum,
819 4010 943 4076 'Veneti
983 4009 1190 4075 Bibliothecae
1231 4009 1402 4074 Marcienee

275 4147 321 4188 nr.
348 4129 412 4189 613
446 4127 518 4212 (Μ),
550 4126 718 4192 Florentini
748 4125 955 4192 Bibliothecae
981 4123 1201 4188 Laurentianae
1227 4122 1321 4208 plutei
1349 4124 1401 4200 57,

281 4241 323 4302 32
350 4239 402 4325 (11)
437 4246 469 4304 11
500 4239 576 4304 alius
605 4239 753 4304 Marciani
786 4238 822 4304 cl.
855 4259 893 4302 1x
924 4237 988 4301 cod.
1014 4257 1051 4301 1v
1077 4237 1132 4322 (N)
1156 4236 1209 4320 qui
1232 4241 1301 4299 ante
1324 4235 1402 4300 Din-

278 4352 406 4437 dqrfium
429 4373 532 4417 omnes
555 4352 663 4418 inediti
687 4353 820 4418 fuerunt.
847 4350 982 4415 Tandem
1005 4372 1078 4414 usus
1101 4356 1146 4414 est
1168 4349 1314 4434 excerptis
1333 4349 1403 4432 qui-

278 4463 405 4528 busdam
435 4463 574 4531 brevium
606 4466 788 4531 scholiorum
819 4489 835 4530 e
866 4462 952 4529 libris
983 4461 1269 4528 Vindobonensibus
1292 4462 1401 4544 tribus,

280 4577 323 4664 (5,
350 4581 401 4656 56,
426 4585 457 4642 et
481 4580 559 4662 133)
583 4579 621 4644 ab
644 4579 749 4644 Altero
772 4579 941 4666 propositis.
