3442 5330
676 723 679 729 ’
785 703 804 767 8

229 903 305 960 suut
327 894 375 960 his
396 893 524 960 similia:
547 892 636 958 verba
657 892 886 958 scholiastarum
905 893 996 959 etiam
1017 899 1086 980 post
1105 893 1257 959 Dindorfii
1275 913 1359 956 ouras

230 1007 460 1095 corruptissima
490 1019 708 1090 nonnunquam
731 1006 793 1090 legi
818 1005 971 1092 opinabar,
998 1007 1049 1072 sed
1072 1007 1116 1072 ita
1139 991 1288 1093 corrupta,
1299 1013 1357 1083 -ut,
1429 1071 1431 1075 .

232 1144 311 1206 quae
333 1121 367 1185 in
390 1121 542 1205 integrum
566 1119 686 1184 restitui
707 1125 839 1205 possent,
859 1121 1015 1186 emendata
1036 1120 1215 1206 legerentur,
1235 1126 1360 1197 caetera,

231 1259 309 1320 quae
332 1235 385 1299 ifle
409 1234 567 1299 emendare
591 1233 817 1320 supersedisset,
835 1233 1057 1299 insanabilibus
1077 1235 1162 1300 vitiis
1181 1233 1360 1299 laborarent.

231 1350 294 1414 Sed
317 1371 412 1433 quum
435 1348 516 1413 inter
538 1348 700 1432 legendum
722 1348 813 1413 semel
834 1355 924 1431 atque
944 1347 1053 1413 iterum
1068 1348 1150 1413 locos
1160 1348 1360 1435 perturbatos,

233 1464 271 1528 de
304 1461 415 1547 quibus
447 1462 623 1527 Dindorfius
659 1468 712 1526 aut
734 1461 813 1526 nihil
837 1469 889 1527 aut
912 1463 1122 1528 tantummodo
1145 1486 1195 1528 eos
1218 1462 1294 1528 vitio
1316 1463 1360 1526 la-

237 1575 343 1640 borare
366 1575 582 1653 admonuisset,
603 1573 752 1661 probabili
775 1575 947 1640 coniectura
969 1598 1090 1640 sanasse
1113 1577 1190 1640 mihi
1213 1576 1295 1641 visus
1316 1597 1362 1638 es-

235 1711 307 1767 sem,
345 1695 436 1772 atque
471 1695 507 1752 nt
540 1689 584 1765 fit,
617 1709 757 1752 successu
787 1689 911 1752 audacia
941 1689 1093 1766 crevisset,
1125 1690 1247 1754 tandem
1278 1693 1362 1752 tanta

233 1803 482 1867 emendationum
514 1810 546 1866 et
568 1802 853 1888 interpretationum
877 1825 961 1888 seges
986 1803 1144 1881 succrevit,
1167 1809 1212 1879 ut,
1237 1801 1362 1866 caeteris

235 1914 428 2000 posthabitis,
453 1915 490 1978 de
511 1914 559 1978 his
579 1915 612 1978 in
635 1915 693 1979 hoo
716 1915 879 2001 specimine
904 1915 1047 1982 disserere
1070 1917 1289 1982 constituerim.

283 2028 384 2098 Quam
407 2051 511 2093 verum
534 2034 636 2092 autem
663 2029 704 2092 sit
727 2029 808 2111 quod
831 2028 906 2107 dixi,
931 2029 1065 2094 centenis
1088 2030 1121 2094 in
1144 2030 1218 2094 locis
1242 2029 1363 2094 Scholia

236 2165 300 2206 esse
324 2142 406 2206 edita
429 2141 591 2206 iocularem
610 2141 643 2205 in
663 2141 787 2204 modum
808 2149 947 2228 corrupta
965 2150 997 2207 ot
1016 2143 1098 2208 omni
1118 2165 1208 2208 sensu
1220 2143 1362 2219 carentia,

238 2277 299 2319 non
331 2254 438 2318 melius
470 2276 611 2341 apparere
641 2275 727 2340 pesse
760 2253 898 2338 arbitror,
931 2278 1021 2339 quam
1044 2257 1071 2320 si
1094 2279 1257 2343 apposuero
1281 2256 1362 2319 locos

240 2369 393 2452 quosdam,
428 2367 538 2451 quibus
571 2371 639 2454 post
670 2367 837 2432 absolutam
868 2369 988 2434 demum
1015 2369 1167 2434 Dindorfii
1198 2369 1361 2436 editionem

241 2505 277 2545 ex
307 2481 481 2546 melioribus
513 2467 667 2547 codicibus
695 2483 828 2547 excussis
856 2483 1006 2569 insperata
1028 2485 1081 2548 lux
1105 2484 1226 2548 affulsit.
1251 2482 1363 2548 Versa-

242 2617 307 2659 mur
336 2597 370 2659 in
399 2594 477 2658 libro
509 2595 660 2678 Odysseae
692 2595 832 2660 secundo.
865 2596 980 2659 Indicit
1004 2597 1199 2662 Telemachus
1221 2597 1362 2660 Ithacen-

243 2708 319 2772 sium
348 2708 532 2787 concionem,
563 2710 600 2773 de
636 2730 793 2795 procorum
827 2708 1018 2772 contumeliis
1052 2716 1083 2773 et
1115 2709 1236 2773 iniuriis
1275 2730 1363 2791 ques-

242 2828 334 2886 turus.
357 2822 523 2908 Reponunt
544 2822 660 2906 aliquid
685 2842 843 2908 procorum
866 2819 1025 2905 principes,
1051 2827 1140 2904 atque
1163 2821 1196 2885 in
1219 2821 1276 2885 hoc
1296 2820 1362 2906 ipso

245 2942 378 3020 proterve
408 2942 511 3020 egomt,
541 2959 632 3020 quam
657 2958 760 3000 eorum
784 2933 976 3000 insolentiam
998 2936 1084 3022 plura
1106 2933 1220 3001 scholia
1242 2936 1275 3000 in
1299 2935 1362 2999 sin-

243 3049 318 3131 gulis
348 3056 576 3136 persequuntur.
606 3048 804 3133 Aliquamdiu
836 3048 982 3127 altercati,
1013 3071 1068 3114 nec
1098 3048 1243 3114 habentes
1278 3049 1359 3133 quod

244 3164 463 3250 responderent,
487 3163 577 3227 finem
596 3161 734 3226 concioni
753 3162 907 3247 imponam
926 3163 1059 3241 student,
1081 3169 1112 3227 et
1124 3187 1161 3228 ex
1173 3164 1358 3248 reliquorum

244 3277 389 3340 sententia
419 3297 497 3340 unus
528 3298 565 3340 ex
595 3274 793 3361 principibus,
830 3274 1000 3355 Leocritus,
1025 3277 1213 3342 haecdicit:
1241 3277 1364 3363 (Odyss.

244 3389 274 3471 β.
299 3413 342 3453 vs.
371 3388 467 3478 252):

340 3501 415 3566 ἀλλ’
439 3507 512 3582 ἄγε,
538 3501 611 3566 λαοὶ
635 3505 694 3584 μὲν
720 3501 895 3567 σκίδνασθ’
921 3504 973 3565 ἐπὶ
998 3502 1078 3585 ἔργα
1101 3502 1248 3576 ἕκαστος.

244 3617 291 3680 Ad
312 3617 394 3682 hunc
417 3638 536 3682 versum
560 3615 672 3702 legitur
695 3616 729 3680 in
752 3617 783 3680 S.
806 3617 954 3701 (Parisino
976 3618 1073 3702 2894)
1094 3619 1167 3683 haec
1185 3617 1362 3682 annotatio:

247 3734 299 3794 καὶ
331 3734 426 3794 τοῦτο
458 3738 514 3811 τῆς
546 3731 741 3813 προπετείας
767 3729 890 3808 αὐτῶν,
915 3727 1003 3792 ἀλλ’
1028 3730 1071 3792 οὐ
1097 3735 1364 3808 σνναναγόν-
1403 3735 1405 3740 “

246 3871 318 3922 τως
343 3844 475 3910 λύειν.
504 3845 609 3930 (Dind.
634 3868 663 3931 p.
690 3848 764 3909 103.
787 3845 808 3908 l.
831 3845 896 3928 11).
919 3843 1002 3908 Haec
1020 3866 1118 3928 neque
1138 3867 1193 3928 ego
1215 3843 1363 3927 intelligo,

245 3983 298 4024 neo
329 3960 489 4045 quisquam
519 3959 635 4045 opinor,
666 3982 802 4043 unquam
825 3959 936 4045 poterit
958 3958 1135 4042 intelligere.
1161 3957 1270 4022 Editor
1292 3959 1365 4021 haec

245 4077 362 4138 tantum
382 4073 535 4138 observat:
560 4076 845 4153 „corayuydruoc
868 4071 1083 4160 Corruptum.''
1104 4073 1224 4137 Bonum
1240 4073 1363 4148 factum,

246 4189 324 4271 quod
356 4195 459 4275 postea
490 4212 526 4252 ex
561 4189 626 4252 cod.
661 4188 693 4252 H
727 4185 915 4274 (Harleiano)
948 4186 1062 4274 prodiit
1091 4186 1180 4252 lectio
1211 4185 1366 4249 verissima

246 4301 328 4367 haec:
353 4301 491 4367 ἄλλον
516 4309 844 4380 συναγαγόντος
869 4300 985 4368 λύειν
1009 4299 1115 4386 (Dind.
1136 4300 1362 4386 Praef.p.x1v)
1442 4337 1447 4346 ·

247 4418 380 4503 proxima
399 4440 469 4482 vero
487 4441 524 4482 ex
537 4415 573 4480 Τ.
589 4417 852 4503 (Hamburgensi):
873 4413 1008 4482 ἄλλον
1030 4418 1363 4490 συναγαγόντος

250 4527 346 4596 λύει.
380 4533 470 4619 (App.
494 4554 523 4617 p.
550 4531 636 4616 741).
668 4531 734 4594 Iam
765 4532 865 4596 omnia
895 4553 967 4596 sana
994 4537 1067 4594 sunt
1089 4538 1121 4596 et
1143 4527 1298 4594 intellectu
1321 4529 1364 4592 ia·

249 4643 366 4712 oillima.
390 4645 465 4712 Erat
487 4667 594 4736 nempe
618 4652 648 4711 et
669 4645 727 4710 hoc
749 4668 854 4711 eorum
875 4643 1069 4732 petulantiae,
1096 4645 1165 4736 (καὶ
1191 4647 1285 4706 τοῦτο
1312 4649 1367 4726 τῆς
