3454 5330
741 665 857 732 χ63

274 848 410 932 ὀρθῶς
438 850 513 930 μὲν
544 845 634 934 ἔχει
664 849 716 911 ἐπὶ
741 850 797 912 τοῦ
822 847 1026 933 Τηλεμάχου·
1051 849 1104 913 ὅτε
1128 851 1189 932 γὰρ
1213 847 1395 932 ἀπεδήμησε

274 959 307 1049 (ὁ
337 963 486 1047 πατὴρ)
519 967 597 1036 παῖς
628 956 667 1041 ἦν
700 960 806 1046 μαζῷ,
838 967 869 1026 et
899 962 943 1026 sic
973 969 1014 1046 τῇ
1036 961 1158 1044 ἀπορίᾳ
1181 985 1254 1027 suus
1278 969 1396 1028 constat

273 1099 386 1143 sensus.
418 1075 517 1141 Solvit
546 1075 754 1140 difficultatem
783 1075 926 1140 Seleucus
953 1073 1138 1153 ὁλντικός,
1163 1083 1269 1161 argute
1292 1084 1327 1141 ut
1348 1076 1394 1140 illi

273 1190 378 1269 solent,
409 1213 500 1275 qnam
522 1196 623 1254 tamen
646 1188 827 1254 solutionem
849 1189 883 1253 in
906 1190 1082 1275 praesentia,
1107 1196 1142 1254 ut
1167 1190 1274 1256 Graeci
1297 1190 1396 1254 dicere

273 1303 378 1379 solent,
403 1306 512 1386 μακρὰ
537 1303 663 1388 χαίρειν
688 1303 832 1385 ἐάσομεν.

317 1417 366 1480 Ad
389 1441 421 1479 α.
449 1420 523 1480 263.
546 1417 644 1490 θεούς
668 1417 875 1492 mitridates
899 1417 1034 1482 scholion
1057 1423 1103 1482 est
1125 1417 1316 1482 huiusmodi:
1340 1415 1397 1479 dd-

273 1528 342 1602 ξαι
368 1529 522 1614 φέρονται
543 1531 616 1614 περὶ
637 1532 694 1594 τοῦ
719 1533 849 1613 κόσμον,
874 1517 928 1599 ὧν
951 1537 972 1611 ἡ
990 1532 1050 1612 μὲν
1066 1531 1203 1614 γενητὸν
1223 1533 1278 1593 καὶ
1292 1536 1399 1613 φθαρ-

273 1647 330 1708 τὸν
358 1646 474 1712 τοῦτον
504 1643 715 1721 ὑποτίθεται,
748 1642 825 1723 alde*
849 1647 985 1726 γενητὸν
1007 1646 1080 1724 μὲν,
1105 1647 1282 1728 ἄφθαρτον
1307 1643 1353 1707 δὲ·
1377 1651 1397 1724 ἡ

274 1755 308 1820 δὲ
333 1755 494 1839 ἀνέμητον
516 1759 588 1839 μὲν,
614 1759 765 1840 φθαρτὸν
786 1755 835 1820 δὲ·
855 1763 876 1837 ἡ
895 1756 929 1820 δὲ
948 1755 1110 1840 ἀγένητον
1130 1759 1184 1820 καὶ
1205 1761 1394 1841 ἄφθαρτον,

273 1858 309 1950 ἧς
340 1868 435 1954 δόξης
465 1871 619 1953 φαίνεται
653 1863 737 1939 εἶναι
768 1876 824 1935 καλ
843 1869 998 1955 Ὅμηρος·
1023 1868 1075 1934 διὸ
1100 1873 1154 1934 καὶ
1179 1872 1254 1944 τούς
1279 1873 1395 1952 θεούς,

273 1986 344 2064 ἤτοι
368 1985 409 2048 τὰ
433 1989 590 2069 στοιχεῖα,
609 1985 685 2050 αἰὲν
705 1985 818 2057 ἐόντας
839 1982 938 2063 λέγει.
963 1985 1036 2050 Non
1054 1985 1277 2052 estGraecum:
1304 1984 1397 2060 δόξαι

274 2097 428 2183 φέρονται
459 2137 505 2148 -
523 2135 568 2146 -
600 2084 647 2164 ὧν
669 2103 691 2178 ἡ
712 2098 772 2179 μὲν
799 2103 855 2175 etc.
881 2121 951 2164 uam
973 2106 1026 2164 ant
1048 2099 1074 2164 si
1097 2122 1240 2166 numerus
1263 2124 1324 2167 non
1348 2101 1400 2166 ad·

274 2214 358 2279 ditur
380 2212 506 2288 ὅόξαι
530 2215 647 2285 τινὲς
671 2212 834 2278 dicendum
854 2220 927 2292 erat,
950 2219 1003 2277 aut
1022 2235 1166 2280 numerus
1178 2221 1224 2280 est
1235 2215 1399 2293 addendus,

274 2329 355 2412 quod
386 2329 447 2393 lere
477 2327 611 2413 postulat
640 2348 767 2412 sequens
803 2311 901 2407 ὧνή
934 2328 994 2409 μὲν
1018 2334 1074 2392 etc.
1107 2336 1260 2394 certum
1282 2329 1400 2416 opinio·

274 2463 349 2506 num
370 2463 530 2508 numerum
552 2439 724 2526 respiciens.
750 2438 834 2510 Quid
858 2439 975 2504 multa?
999 2441 1178 2526 Legendum
1207 2447 1263 2520 est,
1293 2443 1401 2508 iterata

275 2555 371 2641 prima
392 2555 497 2620 litera:
524 2551 553 2616 δ’
579 2552 815 2643 (τέσσαρες)
840 2552 964 2629 δόξαν
989 2553 1145 2639 φέρονται
1170 2556 1242 2638 περὶ
1266 2556 1323 2618 τοῦ
1348 2559 1400 2618 κό-

275 2691 365 2753 σμον,
398 2655 453 2736 ὧν
486 2674 507 2749 ἡ
536 2669 596 2750 μὲν
628 2671 767 2751 γενητὸν
790 2669 846 2730 καὶ
872 2671 1023 2751 φθαρτὸν
1047 2671 1165 2738 τοῦτον
1186 2668 1397 2746 ὑποτίθεται,

273 2788 294 2862 ἡ
314 2779 348 2844 δὲ
370 2785 437 2846 κτὲ.
460 2781 598 2853 Quatuor
616 2781 697 2846 enim
717 2787 930 2846 enumerantur
945 2781 982 2846 de
994 2782 1100 2847 mundi
1112 2789 1219 2848 natura
1233 2780 1398 2867 opiniones.

317 2896 430 2960 Infelix
459 2895 513 2960 illa
543 2893 714 2960 Telemachi
746 2915 815 2959 cnm
846 2895 944 2980 procis
977 2895 1131 2960 altercatio
1153 2895 1292 2981 inprimis
1315 2918 1398 2960 meu-

273 3009 381 3074 dorum
403 3010 486 3074 ferax
518 3014 573 3072 est.
609 3007 714 3072 Unum
744 3008 805 3072 iam
836 3031 926 3095 supra
956 3009 1045 3074 attuli
1071 3031 1118 3073 ex
1151 3009 1238 3074 codd.
1273 3008 1400 3074 feliciter

273 3128 420 3201 sanatum,
452 3120 543 3209 [aliud
581 3143 663 3186 nnnc
701 3123 831 3199 afferam,
865 3123 915 3188 cni
946 3121 1055 3188 videbo
1090 3144 1128 3187 an
1162 3123 1290 3188 salntem
1323 3123 1399 3187 ferre

273 3237 394 3322 possim.
427 3236 592 3320 Postquam
624 3258 724 3300 coram
746 3239 812 3300 toto
835 3235 1040 3302 Ithacensium
1071 3237 1182 3322 populo
1205 3235 1401 3302 Telemachus

272 3370 377 3434 procos
398 3349 574 3435 gravissime
596 3349 760 3414 insectatus
783 3355 838 3426 est,
859 3371 972 3429 omnes,
993 3349 1152 3435 aitpoeta,
1180 3349 1399 3424 conticuerim,

273 3484 329 3526 nec
346 3463 505 3548 quisquam
536 3486 626 3528 ausus
657 3468 704 3527 est
735 3461 878 3528 conviciis
903 3463 931 3526 ei
954 3463 1141 3548 respondere,
1165 3469 1282 3549 praeter
1305 3483 1400 3525 unum

275 3575 455 3656 Antinoum,
479 3577 533 3662 qui
556 3584 587 3641 et
609 3577 668 3642 alia
690 3576 836 3659 quaedam
859 3583 891 3640 et
912 3576 969 3640 hoc
992 3575 1084 3640 dicit:

319 3693 368 3755 oct
394 3691 424 3755 δ’
449 3693 521 3756 οὔτι
545 3697 725 3776 μνηστῆρες
748 3689 906 3778 Ἀχαιῶν
930 3688 1032 3752 αἴτιοί
1056 3689 1138 3758 εἰσιν

320 3803 406 3868 ἀλλὰ
431 3805 509 3889 φίλη
532 3811 648 3889 μήτηρ,
675 3807 746 3885 ἦτοι
772 3801 846 3888 πέρι
872 3801 987 3887 κέρδεα
1012 3795 1112 3869 οἶδεν.
1140 3801 1186 3884 (β’.
1213 3802 1254 3864 87
1278 3797 1376 3887 seqq.)

274 3918 324 3982 Ad
358 3918 430 3983 haec
462 3918 630 3996 scholiasta,
661 3955 706 3966 -
736 3924 772 3982 nt
802 3924 874 3982 sunt
903 3916 1016 3981 multae
1046 3936 1150 3978 eorum
1180 3911 1401 3977 observationes

210 4069 214 4074 ·
277 4054 435 4117 procorum
457 4032 651 4098 insolentiam
673 4037 866 4117 exponentes,
886 4023 931 4078 ⁸-
960 4030 1041 4113 ὑπὲρ
1064 4030 1120 4091 τοῦ
1146 4025 1322 4107 διαφυγεῖν
1345 4027 1402 4095 τὸν

279 4149 427 4228 παρόντα
452 4143 586 4230 ἔλεγχον
609 4153 681 4226 τῆς
704 4144 861 4229 μητρὸς
885 4147 1070 4234 κατηγορεῖ.
1092 4141 1132 4206 In
1151 4141 1199 4204 his
1215 4140 1401 4221 τῆςμητρὸς

270 4251 434 4324 ¹Diudortio
458 4258 593 4336 debetur,
619 4259 717 4322 sicin
740 4259 934 4323 annotatione
954 4256 1105 4322 monenti:
1127 4255 1266 4344 ,μητρὸς
1287 4252 1402 4317 00r10xi

275 4393 328 4457 pro
359 4377 569 4457 μηρονσης
604 4373 684 4457 qnod
715 4372 816 4437 estin
838 4371 884 4436 M.
908 4371 990 4435 Nam
1014 4369 1047 4434 in
1070 4369 1092 4460 S
1116 4367 1207 4434 verba
1229 4372 1285 4448 τῆς
1307 4393 1342 4446 μ.
1368 4390 1398 4428 κ.

277 4484 418 4550 desunt.”
455 4485 580 4564 Verum,
614 4485 696 4569 qnod
727 4508 798 4572 pace
829 4485 887 4550 viri
918 4481 1084 4549 doctissimi
1117 4482 1233 4546 dictum
1263 4479 1313 4558 sit,
1344 4486 1401 4561 τῆς

276 4602 395 4684 μητρὸς
419 4608 472 4666 aut
494 4598 706 4684 grammaticae
725 4598 843 4683 legibus
863 4599 926 4664 vim
945 4597 1046 4674 infert,
1068 4594 1402 4695 autsententiaesNam
