3454 5330
659 670 783 734 -67

196 859 368 928 Audiverat
390 861 538 947 Penelope
562 856 660 924 filium
683 878 771 922 suum
795 855 915 935 abiisse,
939 858 1026 922 cuius
1045 858 1089 923 rei
1110 851 1208 922 adhuc
1226 851 1327 924 nescia

197 975 306 1055 fuerat,
329 975 485 1041 audiverat
507 972 607 1051 simul,
629 993 734 1059 procos
757 970 870 1057 cepisse
889 968 1057 1050 consilium,
1082 970 1120 1050 ei,
1145 971 1327 1058 simulatque

195 1089 346 1168 rediisset,
367 1088 492 1156 insidias
512 1085 658 1152 struendi.
678 1085 738 1153 His
750 1085 845 1150 tantis
865 1084 1086 1152 calamitatibus
1105 1085 1228 1164 auditis,
1241 1086 1328 1173 plane

197 1202 408 1290 obstupefacta
430 1207 494 1266 est:

241 1319 304 1396 τὴν
330 1314 360 1379 δ’
384 1318 464 1400 ἄχος
488 1313 664 1400 οἰμφεχείθη
688 1318 921 1398 θυμοφθόρον,
948 1312 1018 1378 οὐδ’
1042 1317 1097 1400 ἄρ’
1122 1312 1169 1378 ἔτ’
1195 1311 1273 1397 έτλη

242 1428 348 1514 δίφρῳ
373 1426 563 1510 ἐφέζεσθαι,
589 1425 721 1492 πολλῶν
747 1429 831 1491 κατὰ
856 1421 947 1494 σῖκου
973 1426 1107 1494 ἐόυτωυ·

241 1541 317 1606 ἀλλ’
340 1546 395 1627 ἄρ’
421 1541 473 1606 ἐπ’
498 1539 594 1606 οὐδοῦ
620 1536 666 1617 ἷζε
691 1540 971 1623 πολυκμήτου
995 1541 1225 1624 θαλάμοιο.
1247 1550 1303 1608 etc.

195 1657 246 1722 Ac
280 1657 389 1724 ultima
418 1656 509 1723 verba
541 1657 599 1722 hoc
631 1655 767 1722 scholion
802 1663 864 1721 est:
900 1655 938 1722 οὐ
964 1657 1071 1721 κατὰ
1094 1656 1131 1718 τὸ
1155 1655 1326 1734 ἐπίθετον,

197 1769 274 1835 ἀλλ’
307 1770 373 1858 ἔχει
406 1776 466 1852 τὴυ
491 1769 664 1855 οίυαφοράυ
696 1770 776 1856 πρὸς
800 1772 841 1834 τὰ
867 1768 947 1856 έργα
978 1773 1034 1835 τοῦ
1059 1774 1328 1835 κατασκευάσαν-

197 1909 255 1962 τος
279 1885 380 1951 αὐτὸν
406 1883 601 1960 Ὀδυσσέως.
628 1885 740 1951 Sensus
764 1885 856 1951 etiem
889 1907 926 1950 ex
949 1883 1048 1952 verbis
1071 1883 1219 1971 corruptis
1242 1884 1329 1950 facile

197 2008 330 2089 apparet,
363 2008 394 2066 et
425 2000 536 2067 similia
565 2001 627 2066 fere
664 1999 808 2066 dicuutur
839 2002 931 2068 etiem
960 2023 986 2066 e.
1011 2022 1041 2086 g.
1075 2001 1250 2089 p.141.1.
1276 2003 1328 2065 31.

200 2117 247 2199 (γ.
282 2115 372 2205 250)
404 2115 443 2180 ed
472 2115 600 2181 Homeri
631 2115 738 2181 verbe:
778 2114 949 2195 Αἴγισθος
981 2114 1175 2200 δολόμητις·
1213 2115 1330 2201 κυρίως

200 2228 322 2294 ἐνθάδε
347 2227 503 2294 τέτακται
527 2229 562 2294 τὸ
588 2229 758 2309 ε’πίθετου,
788 2237 820 2295 ct
842 2254 872 2317 p.
897 2231 1016 2296 176.1.
1043 2234 1094 2296 26.
1121 2229 1168 2319 (ὃ.
1195 2230 1250 2317 44)
1271 2230 1327 2295 ed:

201 2343 387 2430 διοτρεφέος
411 2341 579 2430 βασιλῆος·
604 2344 642 2410 οὐ
666 2343 822 2432 παρέλκει
844 2347 880 2410 τὸ
902 2345 1070 2410 ἐπίθετον.
1093 2344 1154 2410 sed
1173 2344 1248 2428 quid
1267 2350 1328 2408 est:

203 2457 240 2522 οὐ
273 2462 380 2523 κατὰ
410 2460 446 2522 τὸ
478 2457 659 2528 ἐπίθετουί)
685 2461 759 2526 Non
782 2483 852 2528 sanc
875 2460 918 2539 id,
950 2458 1031 2546 qnod
1054 2459 1204 2525 sententie
1226 2464 1331 2544 postu·

202 2572 255 2651 let,
288 2572 405 2659 κυρίως
433 2572 602 2653 τέτακται,
636 2573 673 2638 οὐ
707 2571 877 2658 παρέλκει,
912 2573 1066 2660 epitheton
1088 2573 1139 2638 hic
1160 2572 1223 2639 vim
1246 2593 1331 2636 suam
1432 2595 1439 2610 ·

205 2695 331 2754 exercet.
350 2688 528 2775 Legendnm
539 2688 686 2755 coniicio:
708 2687 767 2753 οὐκ
787 2688 918 2773 οίργόκ
939 2689 982 2751 τὸ
1002 2687 1172 2764 ἐπίθετσυ,
1187 2685 1330 2770 quemad·

204 2801 326 2865 modum
348 2824 377 2888 p.
404 2804 477 2866 342.
508 2802 529 2867 l.
554 2805 606 2867 30.
633 2804 674 2889 (η.
701 2802 781 2892 208)
806 2801 937 2868 dicitur:
960 2798 1018 2863 οὐκ
1043 2798 1181 2884 οἷργῶς
1204 2804 1225 2880 ἡ
1248 2822 1330 2882 προ-

205 2919 412 3000 αυάκρουσις.
437 2914 535 2980 Oeusa
557 2915 742 3002 corruptelae
769 2916 843 2981 haec
862 2915 954 2981 fuisse
973 2913 1103 2994 videtur,
1124 2911 1215 2999 quod,
1236 2934 1331 3000 quum

207 3051 250 3092 συ
282 3028 316 3092 in
348 3053 369 3092 α
394 3027 526 3108 abiisset,
549 3034 586 3093 ut
610 3028 784 3115 saepissime
806 3030 920 3094 factum
942 3035 989 3096 est
1010 3028 1043 3094 in
1065 3029 1178 3095 nostris
1200 3029 1332 3107 scholiis,

205 3145 235 3207 et
257 3166 276 3204 κ
299 3142 338 3207 ad
361 3164 489 3226 sequens
505 3143 685 3208 vocabulum
708 3149 786 3210 esset
804 3149 944 3222 tractum,
968 3165 1022 3231 pro
1041 3143 1085 3209 οὐ
1107 3167 1257 3229 καργα,
1279 3165 1332 3209 vo-

205 3254 310 3319 cabulo
332 3255 432 3334 nihili,
456 3255 500 3319 οὐ
525 3262 632 3321 κατά
656 3257 821 3343 repositum
840 3263 895 3337 est,
924 3258 1049 3324 verbum
1071 3257 1147 3324 bene
1171 3257 1330 3323 Graecum.

204 3370 254 3433 Ita
275 3369 309 3433 in
330 3369 397 3433 loco
416 3368 603 3449 difficilllmO,
624 3371 657 3455 β.
673 3374 748 3448 251,
769 3371 807 3437 ad
820 3371 927 3438 verba:
949 3373 978 3436 εἷ
989 3369 1125 3444 πλέονές
1139 3372 1171 3434 oa‘
1181 3369 1330 3446 έποιντο,

206 3481 249 3545 sic
278 3482 380 3546 editur
409 3483 545 3549 scholion
575 3483 715 3550 criticum
738 3508 775 3550 ex
802 3484 858 3550 Τ.;
884 3487 911 3548 εἰ
935 3483 1104 3550 πλεόνεσσι
1128 3491 1277 3569 μάχοιτο.
1304 3484 1332 3544 εἰ

206 3593 432 3661 πλεόυεσσι
461 3593 586 3662 ἕποιτο.
622 3599 651 3662 εἰ
683 3596 798 3664 πολλοὶ
833 3598 923 3680 αὐτῷ
955 3595 1104 3676 έποιυτο,
1139 3599 1167 3662 εἰ
1190 3594 1331 3668 πολλούς

206 3706 349 3783 ductet,
373 3709 475 3795 ἔχει.
502 3714 589 3786 τιυές
614 3710 648 3775 δέ
674 3708 848 3789 λέγοιτο
871 3711 938 3798 (sic)
959 3715 1095 3796 μάχοιτο
1119 3714 1329 3793 γράφεται

208 3821 292 3914 (sic).
325 3825 404 3911 App.
436 3848 466 3912 p.
493 3826 565 3890 741.
598 3826 677 3891 Cum
699 3826 747 3891 his
778 3824 945 3891 miserrime
968 3823 1117 3911 corruptis
1140 3823 1333 3888 conferantur

208 3959 285 4021 (1112ss
313 3927 351 4002 tx
384 3937 486 4010 ΗΜΘ
511 3940 549 4004 ed
579 3941 708 4006 eundem
730 3941 830 4006 locum
860 3946 981 4006 enotata
1011 3946 1083 4004 sunt
1104 3960 1134 4024 p.
1159 3939 1234 4002 108.
1254 3937 1274 3999 l.
1300 3939 1331 3999 8.

209 4052 237 4114 εἷ
259 4049 397 4126 πλέονές
428 4053 460 4116 οί
489 4051 638 4120 ’έποιυτοε
670 4056 698 4118 εί
728 4054 844 4120 πολλοί
869 4053 958 4138 αὐτῷ
981 4050 1129 4130 έποιυτο,
1154 4055 1176 4132 ἤ
1197 4051 1226 4113 εί
1249 4046 1332 4111 πολ-

209 4162 284 4240 λοιίς
307 4164 451 4240 ὀπαδοῦς
476 4165 556 4251 έχοι.
581 4169 670 4241 τιυές
694 4167 729 4232 δέ
754 4167 886 4246 γελοίως
909 4156 1069 4252 γράφουσι
1094 4165 1144 4247 „sl
1163 4160 1337 4227 πλεόνεσσι.

208 4279 380 4364 μάχοιτσ.”
404 4279 463 4344 Est
481 4302 602 4366 prorsus
621 4281 703 4348 idem
723 4280 869 4360 scholion,
890 4287 921 4346 et
940 4282 985 4348 sic
1002 4284 1136 4345 monstra
1153 4284 1185 4342 et
1196 4281 1335 4364 portenta

208 4394 373 4461 lectionum
395 4417 432 4459 ex
455 4395 520 4460 cod.
546 4393 572 4458 Τ
603 4395 690 4462 facile
713 4402 920 4484 procurantur.
945 4398 990 4461 Ac
1020 4400 1186 4460 ceterorum
1209 4387 1334 4474 quidem

210 4509 386 4574 mendorum
417 4508 515 4575 facilis
545 4530 634 4574 cerusa
663 4517 718 4575 est.
751 4510 867 4576 Verum
897 4510 1049 4576 undenam
1078 4528 1149 4593 pro:
1183 4504 1272 4576 τιυές
1296 4502 1331 4568 δέ

211 4620 386 4700 γελοίως
418 4629 577 4708 γράφουσι
601 4630 707 4689 natum
729 4632 790 4691 est:
823 4627 910 4696 τιυές
934 4623 969 4688 δέ
995 4619 1333 4702 λέγοιτο-γρά-
