3454 5330
848 678 888 745 80

344 874 454 961 Neque
488 873 656 950 cohaerent,
692 891 767 955 qnae
796 869 941 954 leguntur
972 867 1009 932 ad
1042 893 1076 950 μ.
1112 870 1147 932 3:
1181 867 1285 930 ταῦτα
1310 864 1429 951 (nempe

302 1013 348 1076 ap.
379 988 564 1054 Homerum:
602 989 699 1068 νῆσόν
734 990 763 1048 τ’
795 983 936 1067 Αἷαίην,
972 983 1044 1045 ὅθι
1083 987 1113 1046 τ’
1148 983 1275 1055 Ἠοῦς
1311 980 1428 1044 olata

302 1103 372 1190 cet.)
401 1103 445 1176 ὥς
477 1105 556 1187 πρὸς
588 1103 756 1184 σύγκρισιν
791 1100 846 1161 τοῦ
876 1095 1020 1161 εἈιδοο.
1047 1085 1138 1160 θέλει
1163 1097 1224 1178 γὰρ
1249 1095 1353 1158 εἰπεῖν
1376 1093 1427 1156 ὅτι

293 1203 336 1278 ’ἐκ
368 1218 424 1280 τοῦ
455 1212 585 1278 ‘'Ardov
616 1215 661 1287 εἷς
695 1213 735 1276 τὰ
768 1213 911 1295 φωτεινὰ
944 1208 1136 1292 διήλθομεν.
1161 1211 1237 1287 ἠοῦς
1262 1206 1296 1271 δὲ
1322 1200 1426 1284 εἶπεν,

300 1329 353 1392 ἐπὶ
380 1331 419 1392 τὰ
444 1326 635 1412 οἷνοιτολικολΙ
656 1323 808 1410 δηλονότι
833 1322 913 1410 με’ρη
942 1331 998 1403 τής
1024 1329 1123 1405 νήσου
1148 1322 1425 1407 προσωρμίσαντο.

300 1442 500 1508 Inserendnm
530 1442 628 1519 credo,
662 1441 744 1518 ἐπεὶ,
778 1440 838 1505 sio:
868 1441 943 1520 ήοθς
968 1436 1002 1502 δὲ
1029 1431 1132 1517 εἶπεν,
1161 1435 1285 1527 (ἐπεὶ)
1310 1436 1362 1498 ἐπὶ
1387 1437 1428 1498 τὰ

299 1554 482 1622 ἀνατολικὰ
502 1594 546 1604 -
564 1553 644 1640 μέρη
665 1562 721 1636 τής
743 1559 841 1634 νήσου
872 1553 1151 1639 προσωρμίσαντο,
1175 1549 1428 1638 quemadmodum

298 1669 335 1734 ad
368 1670 498 1735 eundem
528 1692 648 1736 versum
679 1669 713 1734 in
742 1668 858 1741 Qest:
883 1671 903 1748 ή
925 1668 968 1742 ὠς
989 1665 1042 1730 ἐπὶ
1070 1667 1122 1744 (τά
1145 1663 1219 1752 ins.)
1244 1661 1445 1729 ανατολικθ

297 1781 378 1868 μέρη
410 1789 466 1865 τῆς
500 1789 599 1864 νήοοο
631 1788 932 1867 προσορμισάντων,
958 1785 978 1864 ή
1001 1781 1052 1845 ὅτι
1077 1787 1133 1845 etc.
1160 1779 1261 1851 Quam
1284 1799 1369 1864 saepe
1395 1775 1429 1839 in

299 1897 410 1964 nostris
434 1904 465 1962 et
488 1898 611 1962 omnino
634 1898 667 1962 in
691 1897 832 1962 omnibus
856 1895 942 1962 codd.
969 1897 1022 1958 ἐπὶ
1047 1901 1088 1988 et
1101 1894 1169 1957 ἐπεὶ
1196 1893 1233 1958 de
1256 1891 1429 1978 principatu

283 2001 496 2089 contendant,
521 2021 583 2076 non
603 2034 678 2098 opus
701 2017 805 2075 estut
829 2031 1069 2088 commemorem,
1094 2007 1213 2095 fuitque
1236 2007 1308 2072 haec
1328 2004 1429 2070 obser·

303 2125 385 2191 vatio
414 2124 476 2190 iam
506 2124 594 2212 paulo
622 2129 691 2190 ante
713 2123 801 2188 nobis
825 2125 862 2188 ad
886 2131 1062 2209 corruptum
1084 2123 1185 2188 locum
1209 2119 1428 2188 emendandum

304 2237 576 2325 opportunissima3
599 2237 657 2303 hoo
680 2243 800 2303 tantum
824 2237 911 2316 addo,
935 2237 986 2301 hic
1009 2235 1190 2303 vocabulum
1214 2236 1282 2299 ἐπεὶ
1303 2231 1428 2319 ancipiti

301 2351 434 2438 periculo
455 2351 647 2430 laboravisse,
671 2373 765 2436 quum
791 2343 880 2415 εἶπεν
905 2335 1063 2437 praecedat
1086 2353 1117 2415 et
1139 2353 1281 2435 sequatur
1304 2347 1369 2409 ἐπί.

344 2465 474 2552 Legitur
494 2492 529 2548 μ.
555 2469 619 2530 166
644 2487 726 2551 seqq.
750 2464 886 2551 lepidum
911 2464 1081 2542 artificium,
1107 2485 1168 2550 quo
1186 2463 1310 2547 Ulysses
1323 2461 1424 2525 Circes

300 2580 420 2645 monitu
439 2579 605 2667 perieulum
617 2579 757 2645 Sirenum
776 2579 925 2666 effugerit,
938 2578 1132 2644 notissimum
1145 2576 1295 2642 omnibus.
1308 2575 1427 2660 Nempe

301 2693 446 2760 comitum
480 2694 601 2760 auribus
636 2716 702 2760 cera
733 2693 836 2760 oblitis
869 2700 900 2760 et
930 2693 1087 2772 obbrratiS,
1119 2692 1220 2778 ipsum
1252 2691 1290 2756 ad
1312 2687 1425 2754 malum

301 2808 387 2874 navis
416 2808 508 2874 iussit
537 2831 569 2874 se
595 2808 715 2887 vinciri,
748 2814 784 2874 nt
816 2808 880 2875 sine
912 2807 1044 2896 periculo
1075 2829 1124 2873 eas
1147 2785 1251 2871 andire
1274 2809 1373 2891 posset
1396 2807 1427 2866 et

300 2922 425 2986 comites
448 2921 588 2987 certiores
611 2923 717 3001 facere,
743 2922 769 2986 si
793 2945 841 2988 eas
865 2922 1191 3010 praetemavigassent:

390 3034 492 3119 αὐτὰρ
517 3033 627 3116 ἐπειδὴ
653 3040 750 3114 τάσγε
774 3033 981 3119 παρήλασαν,
1007 3032 1076 3098 οὐδ’·
1103 3033 1150 3097 i'r’
1177 3031 1292 3097 ἔπειτα

389 3155 538 3231 φθογγῆς
560 3153 729 3233 Σειρήνων
753 3151 911 3230 ἠκούομεν
937 3145 1012 3211 οὐδέ
1036 3145 1066 3210 τ’
1092 3145 1205 3228 αόιδής

389 3255 466 3348 αἶψ’
487 3262 552 3326 otoo
577 3265 675 3347 κήρὸν
700 3260 816 3326 ἕλοντο
842 3263 910 3345 ἐμοὶ
937 3262 1059 3346 ἐρίηρες
1084 3263 1222 3346 ἑταῖροι,

389 3376 427 3440 ὃν
452 3397 528 3460 σφιν
553 3377 604 3438 ἐπ’
629 3375 709 3440 ὠσὶν
734 3373 849 3458 ἄλειψ’
875 3372 928 3456 ἐμέ
954 3380 983 3437 τ’
1009 3373 1043 3437 ἐκ
1070 3372 1196 3457 δεσμῶν
1221 3357 1399 3438 α’νέλοσοιν.

300 3490 343 3577 ΙοΙ
368 3489 417 3554 his
447 3491 484 3554 ud
514 3488 620 3556 verba:
653 3487 722 3552 οὐδ’
748 3486 794 3552 ἔτ’
822 3487 937 3553 ἔπειτα
961 3495 1109 3572 φθογγής
1133 3527 1178 3537 -
1200 3524 1244 3534 -
1267 3489 1424 3566 ήκούομεν

301 3604 476 3671 observatur
499 3605 537 3670 ad
560 3603 610 3669 H:
636 3605 705 3667 καὶ
730 3606 805 3688 μὲν
831 3601 1093 3684 οὶέτιιι,“οὐιλε“
1115 3606 1272 3688 πρότερον
1291 3603 1423 3680 ήκοοον.

302 3721 452 3805 σημαίνει
477 3719 511 3784 δὲ
537 3710 594 3785 οὖν
619 3717 681 3793 ἔξω
703 3722 760 3783 τοῦ
786 3718 953 3785 δύνασθαι
978 3717 1110 3785 οἰκούειν
1137 3719 1328 3799 ἐγενόμεθα.
1354 3712 1427 3777 Tria

300 3834 396 3922 prima
426 3835 517 3900 verba
540 3841 680 3922 cormpta
703 3842 784 3915 sunt,
813 3835 903 3901 etiam
926 3834 1027 3900 iudice
1047 3832 1216 3898 Dindorfio.
1240 3830 1324 3895 Nam
1348 3824 1427 3892 nihil

299 3949 466 4034 significat:
502 3945 613 4036 „atque
645 3949 795 4035 opinatur,
829 3972 867 4014 ne
898 3954 985 4014 antea
1015 3947 1137 4034 quidem
1169 3941 1362 4022 audiebant,''
1396 3945 1427 4005 et

302 4062 375 4148 quid
405 4065 466 4146 μὲν
489 4064 540 4129 hie
563 4063 621 4128 sibi
645 4064 727 4143 velit,
752 4086 841 4128 nemo
864 4063 951 4128 facile
975 4062 1095 4145 dixerit.
1119 4063 1248 4126 Sensum
1270 4076 1426 4142 recupera·

302 4175 381 4241 bunt
407 4179 433 4242 si
457 4178 621 4243 scribatur:
650 4180 704 4241 καὶ
728 4182 807 4261 μήν
837 4176 876 4241 οἱ
899 4175 1091 4265 ἕτοιῒ(ροι)
1117 4173 1242 4240 οὐδὲν
1267 4175 1424 4257 πρότερον

301 4294 433 4370 ήκοοον.
466 4292 523 4360 ldst
546 4291 785 4358 enim'lvrtuot
811 4290 955 4370 scholion,
979 4289 1122 4376 rogantis,
1146 4287 1306 4376 quomodo,
1331 4307 1425 4371 quum

302 4403 425 4490 Ulysses
448 4405 528 4472 solus
553 4413 674 4472 cantum
694 4407 836 4474 Sirenum
857 4405 1017 4485 audiverit,
1037 4405 1189 4471 Homerus
1201 4404 1301 4468 dicere
1312 4399 1423 4489 possit:

302 4524 450 4601 φθογγῆς
470 4523 694 4605 ἠκούομεν.
723 4520 856 4600 Etenim,
877 4521 985 4608 pergit,
1006 4521 1120 4588 sodales
1141 4525 1227 4586 antee
1246 4513 1426 4601 nihilquid-

303 4655 393 4718 quam
416 4634 587 4701 audiebant.
613 4636 673 4701 sed
696 4636 773 4701 illud
796 4638 953 4722 ἠκούομεν
978 4639 1094 4704 dictum
1117 4642 1163 4702 est
1186 4657 1255 4722 pro:
1282 4630 1343 4706 ἔξω
1367 4630 1422 4692 τοῦ
