3442 5330
880 645 920 704 28

334 829 468 893 scholion
500 831 533 892 in
557 828 587 898 Q
610 827 795 914 adscriptum
818 828 854 891 ed
880 854 902 888 ι.
931 831 994 890 564
1017 827 1077 891 huc
1100 827 1218 892 rettulit
1240 826 1455 891 Buttmannns.

334 942 514 1006 Videtur
537 944 807 1026 fragmentum
831 964 918 1006 esse
941 940 1090 1006 scholii
1114 942 1455 1025 longioris:quam-

334 1056 436 1120 obrem
467 1036 614 1121 intectum
646 1055 755 1140 reliqui
788 1054 852 1133 διό,
885 1056 966 1140 quod
996 1055 1113 1121 Buttm.
1147 1057 1180 1120 in
1204 1054 1258 1118 διὰ
1283 1056 1314 1118 τί
1338 1057 1455 1120 mutat*

336 1172 375 1254 (p.
402 1174 477 1246 443,
508 1172 597 1255 not).
630 1169 800 1252 Praestabit
831 1171 957 1234 fortasse
987 1169 1060 1235 haec
1091 1171 1273 1255 coniungere
1307 1193 1375 1234 oum
1406 1170 1454 1247 iis,

334 1305 409 1365 quac
433 1306 470 1347 ex
494 1283 524 1353 Q
547 1284 584 1347 ad
609 1308 631 1343 ι.
660 1287 723 1347 565
748 1283 897 1368 adscripta
920 1290 1007 1347 sunt:

424 1395 524 1459 ἔνθεν
549 1395 584 1457 δι’
609 1394 755 1479 προτέρω
780 1395 919 1477 πλέομεν
944 1395 1142 1480 ἀκαχήμενοι
1168 1391 1245 1478 ἦτορ

423 1512 557 1590 ἄσμενοι
583 1511 617 1572 ἐκ
643 1515 822 1587 θανάτοιο,
848 1507 964 1591 φίλους
989 1508 1162 1584 ὀλέσαντες
1187 1510 1346 1594 ἑταίρους.

336 1621 642 1705 περιπλανηθὲντος
676 1623 787 1700 αὐτοῦ,
824 1625 879 1685 καὶ
910 1628 951 1704 μὴ
985 1621 1107 1697 εἰδότος
1143 1627 1204 1686 ποῦ
1237 1621 1352 1686 ἔπεισι.
1378 1623 1458 1686 Tum

335 1739 437 1802 statim
462 1762 505 1815 ea,
530 1738 568 1802 de
592 1738 702 1822 quibus
726 1761 807 1802 nunc
830 1760 927 1802 sermo
950 1744 1013 1802 est:
1040 1736 1089 1800 διὸ
1115 1739 1188 1811 τοός
1212 1740 1332 1810 τόποις
1344 1734 1457 1810 ἁπλῶς

337 1850 436 1928 λέγει,
470 1891 514 1900 -—
546 1857 607 1914 ποῦ
642 1850 677 1914 δέ
710 1853 791 1915 εἶσιν
825 1837 922 1915 αόται
946 1858 967 1932 η’·
990 1856 1051 1914 ποῦ
1077 1852 1223 1932 κείμεναι
1248 1849 1355 1913 οὐκέτι
1382 1849 1457 1912 δια-

337 1971 444 2044 σαφεῖ.
480 1965 565 2035 (luae
596 1986 684 2047 quam
712 1972 794 2028 arcte
816 1965 1002 2042 cohaereant,
1026 1988 1088 2029 non
1110 1988 1185 2051 opus
1208 1970 1312 2029 estut
1334 1965 1458 2029 demon-

336 2083 456 2141 stretur.

381 2190 577 2255 Pervenimus
601 2191 638 2254 ad
662 2192 869 2274 quaestionem
892 2190 1109 2268 difficillimam,
1135 2192 1173 2255 ad
1198 2189 1227 2254 λ.
1256 2193 1318 2255 387
1343 2213 1435 2276 seqq.:

381 2300 461 2384 ἦλθε
489 2302 517 2366 δ’
544 2305 597 2366 ἐπὶ
623 2308 712 2388 ψυχὴ
738 2304 993 2386 Ἀγαμέμνονος
1018 2303 1200 2385 Ἀτρείδαο
1217 2343 1371 2354 ——-

383 2419 467 2496 ἔγνω
493 2419 523 2481 δ’
548 2412 624 2500 αἶψ’
649 2420 702 2500 ἐμὲ
728 2425 847 2497 κεῖνος,
874 2419 964 2482 ἐπεὶ
990 2422 1086 2484 πίεν
1111 2413 1214 2500 αἷμα
1241 2418 1455 2483 κελαινόν.

345 2534 393 2597 Ad
416 2535 471 2597 hos
494 2555 597 2598 versus
621 2532 802 2597 adscribitur
825 2556 862 2597 ex
885 2533 1048 2597 Harleiano
1070 2535 1127 2598 hoc
1149 2533 1299 2597 scholion:
1325 2536 1392 2607 πῶς
1416 2539 1457 2615 μὴ
1507 2609 1510 2620 Ι

345 2647 430 2710 πιὼν
464 2651 499 2709 τό
527 2641 608 2728 αἷμα
640 2649 808 2724 γινώσκεις
833 2652 999 2719 πάντως
1025 2647 1255 2731 (emendandum
1279 2653 1399 2721 πάντες
1423 2671 1460 2713 ex

341 2762 455 2826 scholio
479 2785 525 2846 ap,
553 2761 647 2824 Dind.
671 2767 702 2824 et
724 2760 842 2825 Buttm.
867 2761 904 2825 ad
927 2783 971 2826 vs
998 2764 1059 2825 385
1084 2784 1121 2825 ex
1144 2761 1170 2824 Τ
1196 2767 1226 2826 et
1249 2761 1279 2822 V
1302 2761 1404 2838 relato,
1429 2785 1457 2846 p.

340 2879 414 2950 512,
438 2875 458 2937 l.
486 2875 517 2959 2)
544 2859 632 2938 οότοι
658 2876 692 2938 ἐν
718 2883 763 2957 τῷ
789 2881 854 2939 τῶν
879 2875 1013 2955 οἷκόιφιον
1035 2877 1094 2938 εἶσι
1121 2878 1221 2958 τόπῳ·
1247 2877 1279 2938 οἱ
1297 2873 1459 2956 μὲνδικά·

339 2988 461 3064 ζοντες,Ι
488 2988 519 3049 οἱ
543 2985 577 3049 δι’
603 2986 824 3069 δικαζόμενοι,
849 2993 891 3069 μὴ
917 2993 1100 3062 πεπωκότες
1126 2995 1181 3068 τῆς
1202 2994 1319 3071 Λήθης
1340 2987 1458 3063 ὕδατος

337 3098 543 3180 φθέγγονται
580 3102 634 3161 καὶ
667 3103 727 3182 πρό
762 3103 816 3162 τοῦ
851 3106 951 3164 πιεῖν.
985 3101 1154 3165 Adnotavit
1183 3100 1399 3179 Buttmannm,
1431 3109 1462 3166 et

337 3234 475 3276 assensus
499 3235 563 3276 esse
585 3212 708 3276 videtur
730 3213 893 3298 repetendo
915 3213 1110 3277 Dindorfius:
1141 3213 1232 3293 „Hoc
1255 3215 1307 3298 qui
1332 3215 1461 3301 scripsit,

340 3329 458 3411 (nempe
481 3332 549 3398 πῶς
573 3329 614 3406 μὴ
640 3324 726 3388 πιὼν
752 3327 787 3387 τὸ
812 3319 893 3406 αἷμα
917 3327 1086 3414 γινώσκει)
1107 3327 1139 3390 in
1160 3349 1249 3391 versu
1268 3329 1461 3413 praecedente

336 3439 412 3523 legit
443 3440 512 3501 ἐπεὶ
544 3436 614 3503 ἰ’δεν
647 3437 885 3520 όφθαλμοῖσι,”
918 3446 1024 3524 estque
1054 3441 1127 3504 haec
1157 3462 1259 3504 revera
1282 3441 1372 3506 lectio
1395 3443 1460 3506 cod.

315 3552 586 3617 'Vindoboncnsis
611 3555 685 3616 133.
716 3552 758 3617 nt
787 3560 867 3618 recte
898 3554 1020 3638 quidem
1051 3555 1095 3619 ite
1126 3553 1307 3619 scriberetur
1337 3577 1390 3642 pro
1417 3577 1461 3633 eo,

339 3666 420 3750 quod
451 3689 533 3730 nunc
562 3665 692 3752 legitur:
727 3669 795 3731 ἐπεὶ
825 3669 900 3732 πίεν
925 3663 1004 3749 αἷμα
1036 3665 1202 3745 κελαινόν,
1235 3707 1278 3716 -
1306 3669 1387 3753 quod
1410 3669 1463 3752 qui

338 3782 370 3843 in
394 3803 449 3843 suo
471 3779 579 3844 habuit
601 3780 713 3859 codice,
737 3804 798 3845 non
822 3783 923 3868 potuit
945 3803 1049 3866 rogare
1073 3789 1140 3854 πῶς
1164 3786 1213 3862 μὴ
1237 3784 1343 3846 πιὼν
1365 3785 1461 3859 γινό-

339 3916 420 3971 σκει,
445 3931 489 3940 -
521 3894 685 3958 dummodo
709 3902 859 3960 constaret
882 3894 1015 3959 scholion
1039 3894 1096 3958 hoc
1121 3917 1222 3959 revera
1245 3896 1282 3960 ad
1305 3896 1385 3960 hunc
1407 3918 1462 3959 no-

338 4016 434 4070 strum
466 4007 566 4072 locum
599 4008 757 4092 pertinere.
786 4009 846 4072 Sed
870 4030 908 4071 an
930 4007 987 4074 hoc
1010 4007 1146 4071 scholion
1167 4009 1205 4072 ad
1227 4009 1462 4094 Agamemnonis

343 4121 476 4184 animum
503 4143 565 4184 non
594 4121 751 4206 pertineat,
780 4120 919 4204 equidem
941 4119 1049 4184 dubito
1071 4121 1271 4186 vehementer.
1295 4123 1377 4186 Nam
1400 4123 1462 4209 pri-

340 4257 422 4299 mum
455 4234 618 4299 absurdum
648 4241 703 4311 est,
735 4233 826 4298 etiam
853 4233 885 4295 in
913 4232 1081 4309 scholiasta,
1104 4235 1359 4320 Agamemnonem
1383 4237 1463 4300 inter

338 4347 405 4409 illos
438 4347 598 4423 numerari,
624 4348 676 4431 qni
700 4347 860 4411 dicuntur:
886 4345 917 4407 οἱ
939 4347 998 4425 μὲν
1024 4344 1225 4425 δικάζοντες,
1256 4349 1287 4411 οἱ
1311 4347 1345 4410 δὲ
1371 4347 1462 4412 δικα-

340 4459 480 4538 ζόμενοι,
514 4483 589 4544 quae
619 4460 720 4546 potius
746 4461 862 4537 Minoa,
891 4459 1062 4540 Tantalum,
1086 4462 1250 4548 Sisyphum
1273 4468 1463 4546 caeterosque

339 4576 370 4640 id
393 4598 490 4661 genus
514 4585 659 4666 spectant.
681 4578 808 4655 Deinde,
833 4584 992 4662 postquam
1016 4600 1084 4641 cum
1107 4576 1342 4662 Agamemnonis
1363 4576 1464 4641 animo
