3454 5330
874 597 915 658 56

327 784 485 865 γενέσθαι
516 782 751 863 ἀθάνατος,
784 778 913 865 requirit
933 777 1059 846 verbum
1083 777 1249 860 eiusmodi3
1272 801 1342 848 nam
1364 779 1452 847 faoile

326 899 455 978 vineam,
487 896 586 979 δήλόν
618 899 699 976 ἐστι,
733 894 771 960 οὐ
802 898 839 960 τὸ
869 897 911 977 μή
940 891 1056 959 θέλειν
1084 892 1242 971 γενέσθαι
1265 893 1449 971 ἀθάνατος,

327 1011 412 1076 ἀλλὰ
444 1019 513 1088 ete,
545 1010 672 1076 absuade
694 1016 725 1075 et
757 1009 871 1074 soloeoe
894 1014 925 1074 et
948 1008 1036 1092 παρὰ
1060 1003 1121 1090 τήν
1145 1006 1347 1091 Ἑλληνικήν
1372 1013 1450 1074 συν-

326 1124 423 1199 ταξιν
443 1148 507 1190 asse
529 1123 655 1189 dietum.
680 1122 714 1188 Si
733 1120 832 1203 δῆλόν
855 1123 923 1185 ἐστι
945 1143 1052 1188 sanum
1072 1128 1160 1200 esset,
1181 1119 1218 1185 οὐ
1232 1123 1267 1185 τὸ
1279 1124 1321 1203 μή
1334 1119 1450 1188 θέλειν

327 1237 456 1302 αὐτὸν
480 1261 564 1314 μεν.
589 1235 817 1301 α’θάνατον
843 1235 990 1322 seriptum
1012 1233 1156 1321 oportuit.
1185 1233 1315 1314 Deinde,
1336 1234 1451 1301 utiam

326 1348 494 1436 significavi
516 1348 636 1414 uncinis
658 1349 775 1436 positis,
799 1347 973 1436 planissime
995 1348 1076 1413 idem
1099 1347 1147 1412 bis
1174 1347 1296 1414 dieitur.
1320 1353 1371 1412 ‘H
1390 1352 1450 1432 μέν

325 1467 387 1548 μὰρ
419 1461 537 1545 έφασιιε
569 1468 730 1542 ποιήσειν,
763 1466 782 1526 ὁ
815 1461 849 1526 δέ
874 1461 933 1527 οὐκ
959 1461 1127 1527 ἐπίστευεν
1151 1468 1231 1528 reete
1253 1462 1370 1528 dietum
1393 1471 1449 1529 est.

324 1576 491 1670 Aliquanto
524 1575 616 1640 etiam
649 1575 800 1641 ornatius:
836 1581 858 1656 ή
886 1577 946 1657 μὲν
980 1573 1032 1657 ἕῳ.
1065 1577 1227 1654 ποιήσειν,
1260 1577 1279 1638 o‘
1310 1574 1344 1638 δὲ
1378 1575 1450 1662 οὐχὶ

326 1692 485 1754 πιστεύων
510 1694 698 1774 παρῃτεῖτο.
723 1690 784 1754 sed
808 1687 891 1774 quid,
917 1710 1036 1774 quaese,
1060 1686 1225 1774 excogitari
1247 1694 1347 1774 potest
1365 1689 1450 1775 inep-

270 1803 275 1813 '
325 1803 387 1868 tius
410 1809 441 1868 et
462 1801 627 1887 loquacius,
652 1825 742 1887 quam
763 1801 808 1866 ita
836 1801 951 1866 dicere:
975 1801 1048 1867 haee
1071 1799 1194 1884 quidem
1213 1800 1361 1888 promisit,
1382 1823 1452 1866 eum

325 1914 526 1981 immortalem
547 1914 680 1992 reddere,
703 1914 750 1979 illi
774 1922 955 1980 autemnon
973 1913 1074 2000 potuit
1094 1913 1280 2000 persuadere,
1292 1912 1345 1979 sed
1357 1936 1452 1999 quum

327 2049 389 2092 non
411 2032 528 2113 poterat
557 2026 744 2112 persuadere,
767 2027 913 2092 honorem
943 2027 1117 2114 deprecatus
1140 2026 1209 2092 est?
1235 2027 1328 2105 Talis,
1352 2027 1451 2105 oredo,

326 2139 447 2206 dicendi
476 2139 584 2204 modus
615 2139 649 2204 in
667 2140 786 2205 nullum
816 2140 969 2206 hominem
1001 2161 1117 2218 sanum,
1140 2161 1180 2205 ne
1203 2140 1237 2206 in
1261 2140 1451 2206 scholiastam

327 2254 459 2338 quidem,
483 2251 575 2319 eadit.

368 2367 457 2432 Idem
484 2373 586 2432 tamen
616 2363 811 2432 commissum
840 2373 887 2432 est
918 2373 955 2446 θ,
991 2371 1043 2446 31,
1075 2366 1129 2433 nbi
1160 2367 1307 2434 Alcinous
1338 2369 1382 2434 ita
1413 2371 1451 2436 ad

326 2482 484 2558 Phaeaces,
507 2480 541 2546 in
563 2480 738 2546 concionem
761 2481 937 2547 advocatos:
961 2485 1052 2564 ήμεῒς
1073 2480 1117 2559 δ’,
1138 2482 1182 2555 ὡς
1201 2484 1238 2545 τὸ
1259 2485 1363 2568 πάρος
1376 2507 1449 2567 περ,

326 2596 584 2679 ἐποτρυνώμεθα
607 2599 753 2676 πομπήν,
779 2595 817 2660 ad
843 2618 920 2680 quae
950 2594 1109 2660 scholiasta
1137 2595 1203 2660 eod.
1228 2596 1264 2661 Τ.
1290 2597 1450 2682 χρησίμως

325 2712 442 2774 ταῦτα·
469 2710 588 2796 (nempe
608 2709 653 2782 ὥς
676 2708 713 2772 τὸ
736 2713 838 2795 πάρος
861 2734 934 2793 περ,
956 2732 1017 2794 quo
1040 2707 1143 2774 addito
1166 2709 1336 2775 Phaeacum
1358 2708 1451 2792 φιλο-

324 2823 439 2898 ξενίαν
461 2823 573 2901 laudat,
597 2828 634 2888 ut
655 2821 798 2888 disertius
821 2822 960 2888 observat
987 2823 1025 2888 ad
1044 2823 1172 2889 eundem
1191 2823 1293 2888 locum
1313 2822 1358 2908 H)
1372 2849 1451 2908 προ-

325 2937 435 3022 τρέπει
459 2938 520 3020 γὰρ
544 2937 619 3010 τούς
642 2935 781 3011 πολίτας
810 2937 1071 3022 [ἐκπεμφθῆναι]
1100 2938 1179 3021 πρὸς
1202 2941 1263 3017 τὴν
1284 2935 1450 3022 ἔκπεμψιν

324 3053 380 3115 τοῦ
412 3048 520 3124 ξένου.
551 3048 654 3114 Etiam
683 3046 734 3114 hio
765 3049 892 3115 delenda
923 3049 1143 3135 dittographia'
1170 3050 1231 3116 nisi
1264 3051 1332 3137 quis
1364 3058 1451 3139 putet

325 3169 405 3230 reete
426 3159 558 3246 intelligi
577 3183 679 3248 posse:
704 3161 880 3226 adhortatur
902 3162 982 3228 cives
1006 3185 1086 3240 snos,
1117 3163 1347 3247 ἐκπεμφθῆναι
1371 3165 1451 3250 πρὸς

326 3279 386 3355 τήν
412 3273 577 3357 ἔκπεμψιν
604 3274 743 3363 hospitis.
771 3274 922 3358 Equidem
948 3297 982 3340 ea
1003 3274 1095 3342 verba
1119 3275 1231 3343 Graeoe
1254 3279 1350 3366 posui,
1375 3301 1450 3364 quo-

325 3391 408 3458 niam
426 3413 488 3456 non
507 3387 598 3454 modo
617 3411 652 3454 ea
671 3386 849 3474 intelligere,
870 3388 922 3454 sed
940 3411 979 3454 ue
997 3395 1113 3456 vertere
1125 3389 1248 3475 quidem
1259 3391 1451 3478 aliquomodo

324 3526 455 3594 possum.
736 3507 737 3510 ’

370 3617 480 3682 Statim
503 3622 581 3704 post,
605 3616 643 3682 ad
665 3639 709 3682 vs.
736 3620 788 3694 32,
811 3616 924 3703 legitur
954 3615 988 3682 in
1012 3615 1117 3683 eodem
1140 3617 1205 3682 eod.
1230 3617 1267 3682 Τ.
1291 3616 1366 3682 οὐδὲ
1390 3617 1450 3682 ἄλ-

326 3731 384 3796 λον
416 3731 492 3794 τινὰ
524 3753 601 3813 φησι
635 3729 809 3820 (Aloinous)
841 3733 907 3796 τῶν
939 3734 1018 3813 παρ’
1051 3731 1151 3796 αὐτὸν
1175 3732 1321 3812 ἡκόντων
1344 3728 1448 3805 ξένων

325 3842 430 3908 πολιλν
455 3842 632 3928 α’ναμεῒναι
658 3849 788 3929 χρόνον,
820 3843 1031 3928 λυπούμενον
1062 3844 1129 3929 [ἐν]
1157 3851 1198 3929 τῇ
1219 3842 1368 3926 μελλήσει
1393 3847 1448 3908 καὶ

324 3956 505 4044 βραδυτῆτι
536 3961 604 4022 τῶν
635 3960 844 4038 πεμπόντων,
878 3956 958 4021 ὥστε
992 3958 1029 4020 τὸ
1062 3957 1116 4020 ἐπὶ
1145 3961 1212 4024 τῶν
1235 3956 1346 4024 ἄλλων
1370 3957 1449 4034 ἔθος

326 4070 461 4149 εὔλογον
493 4062 578 4136 εἶναι
608 4072 765 4156 βεβαιοῦν
798 4072 857 4134 νῦν
892 4070 947 4132 καὶ
982 4068 1137 4152 φυλάξαι.
1163 4071 1314 4144 Quoniam
1337 4047 1451 4138 dieitur

325 4183 504 4249 λυπεῖσθαι
538 4191 579 4267 τῇ
607 4181 770 4265 μελλήσει,
803 4189 834 4248 et
864 4181 1007 4266 quoniam
1038 4183 1113 4268 quid
1152 4183 1196 4250 ἔν
1229 4193 1270 4270 τῇ
1298 4184 1448 4269 μελλήσει

326 4297 505 4363 λυπεῖσθαι
535 4298 584 4374 sit,
616 4319 655 4361 ne
684 4295 810 4381 eogitari
832 4293 955 4381 quidem
978 4303 1086 4384 potest,
1111 4300 1305 4366 resecandum
1326 4308 1373 4368 est
1395 4301 1448 4366 ob·

322 4411 448 4476 noxium
476 4411 534 4488 ἐν,
564 4409 629 4474 sine
649 4408 742 4475 dubio
762 4408 933 4494 repetitum,
962 4417 998 4475 nt
1025 4412 1085 4477 iam
1108 4436 1195 4499 saepe
1216 4397 1329 4478 factum
1352 4414 1449 4481 anim·

322 4523 515 4601 advertimus,
539 4545 576 4587 ex
599 4521 707 4587 ultima
731 4521 844 4606 syllaba
866 4524 1069 4610 praecedentis
1094 4525 1326 4608 λυπουμενον.
