3454 5330
865 643 908 706 94

324 852 393 896 cum
422 831 525 898 dativo
552 838 615 898 est:
648 831 724 896 ἀντὶ
749 833 805 895 τοῦ
836 836 937 915 παρά.
971 831 1005 896 Z.
1031 835 1083 910 15,
1108 835 1160 897 25.
1185 833 1285 899 Video
1308 857 1367 920 quo
1390 835 1450 900 hoc

324 944 453 1010 maxime
480 945 602 1010 tendet:
635 943 751 1011 scilicet
779 950 815 1010 ut
846 944 1070 1012 demonstretur
1091 946 1149 1010 hoc
1171 947 1261 1012 modo
1284 971 1321 1014 ex
1345 958 1450 1034 posue

324 1079 406 1123 more
435 1064 515 1124 recta
544 1058 675 1144 intelligi
705 1079 790 1145 posse
822 1057 1018 1142 Ἀθηναίης
1049 1060 1102 1123 ἐπὶ
1136 1062 1285 1140 γούνασι,
1323 1060 1357 1125 Ζ.
1393 1065 1447 1139 92,

325 1170 421 1252 ³03?
451 1171 630 1238 Adscribam
660 1193 697 1236 ax
725 1171 773 1236 his
804 1171 939 1236 scholion
970 1172 1008 1236 ad
1040 1172 1074 1249 Z,
1102 1177 1155 1252 92,
1182 1173 1325 1259 quoniam
1352 1174 1448 1240 nostri

322 1283 381 1348 loci
410 1283 445 1348 in
475 1305 510 1348 eo
533 1284 647 1350 mentio
669 1284 713 1348 fit.
739 1281 810 1369 ἐπὶ]
836 1290 857 1365 η
880 1282 993 1365 διπλῆ,
1018 1285 1069 1349 ότι
1094 1287 1169 1350 α’ντί
1194 1294 1250 1367 τῆς
1274 1292 1375 1370 παρὰ,
1400 1287 1447 1351 ἵν’

322 1392 454 1480 ᾖπαροί
486 1401 658 1473 γούνασιν·
692 1395 778 1480 ὀρθὰ
810 1399 872 1480 γὰρ
897 1399 938 1460 τοί
970 1395 1149 1462 Παλλάδια
1177 1404 1445 1464 κατεσκεύασται.

323 1510 378 1572 καί
406 1507 498 1574 ἐστίν
529 1510 642 1591 ὅμοιον
674 1514 719 1593 τῷ
755 1516 776 1591 η
808 1511 869 1591 μέν
906 1509 956 1572 ἐπ’
989 1511 1124 1596 ἐσχάρη,
1144 1511 1232 1586 ,π’ντί
1268 1515 1335 1596 τοῦ,
1370 1513 1448 1595 παρ’

322 1621 452 1708 ἐσχάρη·
476 1628 497 1703 ἡ
519 1624 581 1708 γὰρ
606 1624 659 1686 ἐπί
685 1626 744 1703 τὴν
770 1623 880 1688 έπύινω
903 1621 1013 1708 σχέσιν
1038 1625 1201 1706 σημαίνει.
1226 1624 1448 1690 διόοόκοίνα-

322 1735 497 1819 στρεπτέον
519 1740 579 1816 τὴν
600 1739 771 1820 πρόθεσιν.
800 1735 923 1822 (Scholl.
947 1735 1044 1802 Bekk.
1069 1759 1098 1826 p.
1125 1737 1216 1828 179.)

365 1848 498 1935 Ulysaes,
530 1850 610 1937 apud
639 1849 801 1915 Alcinoum
831 1849 1024 1915 introductus
1054 1851 1099 1916 ita
1128 1851 1157 1916 ci
1180 1851 1287 1938 placet,
1310 1858 1346 1916 ut
1368 1874 1449 1930 eum,

319 1983 409 2045 quem
431 1961 522 2025 modo
544 1962 670 2039 viderat,
692 1983 823 2045 quocum
846 1963 938 2028 semel
960 1969 1080 2028 tantum
1101 1947 1267 2029 collocutus
1287 1972 1342 2043 est,
1363 1965 1449 2029 cuius

321 2073 413 2140 etiam
436 2095 545 2140 nomen
567 2074 696 2159 ignorat,
721 2095 866 2162 generum
889 2074 999 2140 habere
1019 2077 1077 2143 sibi
1102 2078 1220 2165 cupiat:
1243 2077 1290 2167 (η.
1312 2101 1355 2145 vs.
1382 2081 1446 2141 311

322 2188 436 2272 seqq-n

367 2299 403 2362 u't'
425 2301 498 2383 μὰρ,
522 2301 586 2363 Ζεῦ
610 2323 644 2364 τε
668 2303 769 2384 πάτερ
794 2301 849 2363 καὶ
874 2299 1051 2385 Ἀθηναίη
1076 2305 1130 2366 καί
1155 2301 1348 2383 ”Απολλον’,

364 2418 450 2487 τοῖος
475 2411 538 2476 ε’ὼν
563 2405 629 2487 οἷός
654 2413 734 2492 ἐσσι,
759 2418 857 2478 τότε
882 2413 1030 2499 φρονέων
1054 2416 1107 2484 ἅτ’
1133 2417 1195 2493 ἐγώ
1220 2441 1292 2501 περ,

365 2525 472 2591 παῖδά
494 2525 523 2590 τ’
548 2525 627 2608 ε’μὴν
653 2525 765 2612 ἐχέμεν
790 2528 845 2592 καί
871 2529 944 2611 ἐμός
967 2531 1112 2615 γαμβρός
1137 2528 1315 2595 καλέεσθαι
1342 2533 1408 2593 κτέ.

322 2638 391 2705 Ηοο
420 2638 542 2705 Alcinoi
571 2646 634 2706 tam
664 2639 800 2706 subitum
830 2642 983 2708 affinitatis
1007 2665 1075 2707 cum
1099 2644 1204 2729 ignoto
1227 2643 1446 2714 contrahendae

320 2750 503 2818 carcanum
524 2751 698 2819 maereo
720 2734 850 2820 nmium
880 2755 978 2821 nsum
1010 2762 1072 2822 aa:
1105 2759 1178 2830 τιν.
1201 2755 1237 2830 ιε
1261 2756 1445 2840 Ἀριστερ-

321 2889 375 2949 χος
399 2864 543 2942 διστάζει
568 2870 709 2950 Ὁμήρου
733 2859 831 2933 εἶναι.
857 2871 885 2932 εἰ
909 2868 943 2932 δέ
969 2871 1024 2932 καί
1049 2870 1232 2953 Ὁμηρικοὶ,
1260 2868 1317 2958 (‚‚i.
1339 2893 1367 2934 e.
1387 2869 1445 2934 eti-

320 2977 394 3041 amsi
416 2978 495 3044 nihil
517 2979 674 3044 continent
697 2981 778 3064 quod
801 3004 818 3045 a
841 2981 1058 3047 consuetudine
1081 2983 1233 3048 ,sermonis
1256 2989 1287 3046 et
1309 2982 1442 3067 antiqui-

316 3089 389 3152 tatis
412 3090 591 3156 Homericae
621 3090 788 3158 abhorreat.
820 3093 872 3158 Sic
902 3101 981 3159 recte
1011 3095 1226 3182 interpretatur
1259 3095 1365 3160 Lehrs.
1390 3096 1442 3158 Ar.

318 3223 347 3287 p.
381 3201 477 3266 354?
508 3201 620 3292 Dind.)
653 3207 782 3278 εἰκότως
813 3205 931 3280 αὐτούς
963 3210 1216 3292 περιαιρεθῆναί
1248 3231 1337 3292 φησι.
1375 3212 1445 3282 πῶς’

317 3316 378 3398 γὰρ
401 3314 532 3392 α’μνσῶν
557 3319 614 3380 τόν
638 3316 747 3401 ἄνδρα
765 3320 978 3402 μνηστεύεται
1001 3319 1089 3403 αὐτῷ
1111 3324 1171 3401 τὴν
1193 3321 1364 3407 θυγατέρα
1387 3324 1441 3384 καί

316 3427 354 3492 οὐ
385 3431 643 3512 προτρεπόμενος
676 3429 761 3494 α’λλὰ
794 3430 957 3516 λιπαρῶν,
990 3434 1158 3499 Oblocutns
1193 3440 1239 3500 est
1269 3435 1443 3500 Aristarcho

318 3540 449 3616 λυτικὸς
481 3542 614 3628 quidam,
637 3544 692 3610 hos
714 3567 818 3612 versus
840 3569 878 3612 ex
900 3548 1035 3634 antiquis
1057 3548 1192 3613 moribus
1216 3548 1351 3614 Homero
1374 3549 1442 3614 vin-

318 3657 430 3735 dicans,
454 3663 553 3743 utque,
577 3659 659 3744 quod
684 3660 722 3725 iis
745 3683 811 3726 raro
835 3662 996 3728 admodum
1020 3663 1158 3748 contigit,
1183 3663 1248 3727 iure
1270 3663 1444 3727 Aristarcho

317 3770 475 3836 oblocutus
504 3779 560 3850 σοί,
591 3773 639 3838 his
670 3773 786 3840 verbis:
818 3779 954 3855 ἄτοπος,
985 3778 1099 3858 φασίν,
1126 3778 1209 3861 (fort.
1234 3780 1345 3860 φησὶν,
1372 3777 1392 3841 i.
1417 3799 1440 3839 e.

316 3885 532 3972 Aristarchum.)
564 3886 704 3972 η’ἐύχὴ·
737 3893 780 3970 μὴ
814 3891 875 3974 γὰρ
908 3891 1120 3972 ἐπιστάμενος
1152 3891 1240 3965 ὅστις
1273 3892 1339 3954 ἐστέ
1363 3889 1442 3973 μηδέ

318 4001 489 4082 πειραθείς
511 4000 639 4083 εὔχεται
665 4002 801 4086 σύμβιον
826 4002 927 4067 αὐτόν
953 4000 1067 4088 λαβεῖν
1094 4007 1148 4067 καί
1175 4006 1321 4090 γαμβρόν
1347 4008 1443 4083 nord-

320 4119 455 4176 σασθαι.
490 4110 577 4201 (ἀλλ’
606 4113 709 4200 inser.)
740 4109 779 4194 ἦν
810 4116 869 4196 μέν
905 4113 1049 4181 παλαιόν
1084 4116 1162 4192 έθος
1194 4119 1229 4180 τό
1254 4117 1443 4201 προκρίνειν

319 4228 393 4302 τούς
417 4225 568 4311 α’ρίστους
593 4233 662 4292 τῶν
688 4225 796 4302 ξένων·
817 4230 871 4292 καί
897 4227 940 4292 δι’
965 4229 1083 4314 α’ρετὴν
1105 4228 1272 4296 ἐκδιδόναι
1298 4233 1356 4304 τὰς
1378 4237 1443 4294 θυ-

318 4338 470 4422 γατέρας,
496 4342 539 4414 ὥς
564 4342 619 4404 καὶ
644 4342 696 4404 ἐπὶ
723 4340 1006 4427 Βελλεροφόντου,
1033 4342 1179 4423 Τυδέως,
1201 4343 1440 4418 Πολυνείκους.

318 4453 354 4517 dd
379 4457 439 4539 γὰρ
464 4457 509 4530 εἷς
532 4455 589 4518 τόν
613 4452 755 4520 πλοῦτον
779 4455 935 4539 α’φεὼρων
961 4459 999 4522 σί
1022 4455 1192 4538 πολλοὶ,
1218 4456 1290 4521 ἀλλ’
1317 4461 1361 4532 είς
1384 4463 1442 4539 τὴν

316 4565 435 4654 αἱρετὴν
466 4572 525 4650 τὴν
557 4567 621 4633 οίπό
653 4576 709 4649 τῆς
740 4572 855 4655 ὄψεως·
889 4572 1046 4658 ,βασιλῆϊ
1074 4573 1135 4657 γὰρ
1167 4570 1262 4656 οίνδρέ
1293 4567 1440 4647 ε’ὀικας.”
