3442 5330
824 673 865 734 is

287 859 394 941 λοντο,
429 859 484 924 καί
516 861 560 933 ὥς
588 858 670 944 (fort.
694 856 802 924 melius
825 858 868 930 ῶς
892 858 960 921 καί.
985 855 1078 922 Error
1100 860 1183 922 ortus
1206 878 1244 922 ex
1266 879 1407 944 compen·

285 975 402 1040 diorum
424 970 651 1060 similitudine.)
677 973 711 1036 ἐν
733 969 857 1034 Ἰλιάδι
879 972 976 1054 φησίν
998 973 1016 1034 c‘
1036 975 1185 1054 ποιητὴς·
1208 977 1270 1055 ,,τῇ
1290 973 1331 1054 ῥα
1349 968 1405 1034 tuo

285 1086 472 1170 τιλαμῶνε”
497 1077 555 1152 etc.
578 1086 715 1150 Pertinet
738 1085 777 1149 ad
800 1082 1022 1150 observationes
1042 1084 1080 1149 de
1101 1084 1226 1150 heroum
1249 1084 1349 1162 armis,
1373 1083 1407 1149 in

284 1201 394 1286 quibua
417 1199 601 1288 explicandis
622 1199 770 1285 plurimus
789 1197 850 1262 fuit
867 1198 1069 1263 Aristarchus.
1083 1235 1128 1246 -—
1146 1198 1235 1263 Idem
1245 1197 1407 1263 dicendum

283 1315 321 1378 de
351 1320 423 1379 nota
445 1314 483 1379 ad
506 1316 539 1399 β.
566 1317 616 1378 11.
639 1313 706 1396 ἅμα
733 1317 816 1396 τῷγε
841 1309 906 1377 oca
930 1316 1024 1384 κόνις
1043 1351 1088 1360 -
1110 1309 1231 1376 ἕποντο
1257 1309 1408 1400 (Telema-

284 1428 339 1492 cho
362 1429 482 1514 nempe)
507 1429 602 1490 τοῦτὸ
626 1450 714 1500 τινες
739 1427 947 1508 σημειοῦνται
972 1429 1050 1508 πρὸς
1073 1429 1130 1490 τόν
1154 1428 1312 1510 ἄγροικον
1337 1428 1406 1490 τῶν

284 1538 436 1606 παλαιῶν
465 1541 553 1626 βίον,
589 1539 677 1626 plane
708 1538 814 1605 eodem
845 1539 934 1603 modo
966 1546 1000 1603 ut
1031 1538 1069 1603 ad
1091 1542 1134 1601 Σ.
1162 1543 1236 1604 610.
1261 1544 1282 1620 ἡ
1306 1537 1406 1619 διπλῆ

283 1655 361 1738 πρός
393 1659 428 1718 τό
460 1653 598 1739 α’ρχαῖον
632 1653 711 1726 ἕδος
739 1657 796 1718 etc.
821 1657 852 1718 et
875 1653 947 1718 alibi
969 1676 1031 1718 non
1054 1675 1130 1718 raro.
1155 1693 1199 1704 -
1221 1653 1271 1718 Ad
1294 1654 1327 1737 β.
1353 1657 1406 1716 42.

284 1765 494 1852 τηρητέον
519 1768 585 1830 ότι
608 1770 687 1851 πρὸς
712 1768 748 1831 τό
769 1769 899 1849 πρῶτον
918 1773 959 1851 τῇ
980 1765 1069 1841 τάξει
1084 1770 1213 1851 πρῶτον
1226 1767 1405 1849 ἀπήντησε,

284 1883 360 1967 ὅπερ
393 1881 538 1955 σπανίως
566 1886 664 1944 ποιεῖ.
691 1880 873 1966 Saepissime
896 1880 929 1946 iu
951 1880 1048 1946 iliade
1071 1880 1246 1946 Aristarcho
1268 1865 1408 1946 observa·

284 2002 364 2060 tum:
389 1999 440 2062 ότι
463 1998 542 2081 πρός
567 1998 602 2058 τό
627 1993 777 2079 δειίτερον
803 1998 959 2078 πρότερον
983 1995 1164 2078 δπήντηκε,
1196 1992 1265 2084 (cfr.
1289 1995 1406 2074 Lehrs.‚

284 2108 376 2172 Arist.
402 2132 431 2195 p.
457 2110 531 2194 11);
563 2107 597 2171 in
626 2107 738 2172 nostris
770 2105 892 2172 scholiis
922 2106 969 2172 bis
1000 2114 1120 2173 tantum
1143 2108 1289 2188 occurrit3
1314 2109 1352 2172 ad
1375 2131 1405 2186 ο,

288 2225 323 2284 6:
348 2221 426 2305 πρὸς
450 2223 486 2284 τό
512 2219 662 2305 δεδτερον
688 2223 819 2306 πρῶτον
843 2220 1022 2304 ἀπήντησε,
1052 2229 1083 2286 et
1105 2223 1144 2287 ad
1167 2247 1202 2304 φ,
1230 2223 1304 2288 278.
1329 2224 1408 2304 πρός

287 2335 346 2418 γὰρ
379 2335 414 2397 τό
446 2333 596 2419 δεδτερον
629 2335 665 2397 τό
698 2341 867 2419 πρότερον.
893 2334 954 2398 Sed
977 2334 1088 2399 mirum
1111 2335 1224 2401 factum
1247 2339 1302 2414 est,
1327 2333 1408 2420 quod

287 2454 321 2511 ut
342 2447 402 2527 hic,
426 2447 469 2512 sic
491 2448 524 2513 in
547 2447 644 2514 iliade
668 2471 788 2535 quoque
808 2448 951 2513 contrarii
970 2449 1149 2530 observatio,
1169 2473 1277 2538 nempe
1288 2457 1409 2538 poetam
1466 2525 1468 2529 ⁸

286 2559 444 2644 aliquoties
472 2561 564 2626 etiam
593 2565 672 2646 πρὸς
703 2565 739 2625 τὸ
767 2565 898 2646 πρῶτον
923 2568 964 2646 τῇ
986 2562 1076 2638 τάξει
1098 2568 1228 2649 πρῶτον
1252 2563 1407 2628 ἀπαντᾶν

285 2674 387 2752 solere,
418 2697 480 2739 non
510 2674 638 2762 propriis
669 2674 834 2740 Aristonici
862 2669 961 2740 verbis
984 2678 1096 2742 tradita
1118 2685 1173 2757 est,
1198 2677 1250 2742 sed
1273 2698 1326 2764 per
1349 2699 1408 2760 ση-

283 2789 452 2868 μειοῦνταί
476 2812 576 2862 τινες.
604 2788 668 2878 (Ad
690 2788 779 2853 lliad.
804 2793 844 2852 Z.
872 2790 960 2873 219).
981 2826 1025 2836 —
1045 2789 1095 2854 Ad
1114 2792 1147 2875 β
1164 2793 1237 2854 326.
1260 2788 1406 2856 ἰστέον

285 2903 350 2965 δτι
374 2907 505 2986 ἄμαθος
529 2911 550 2985 ἡ
573 2905 608 2969 ἐν
633 2909 679 2989 τῷ
703 2902 806 2988 πεδίῳ
831 2907 933 2982 κόνις,
955 2909 1115 2987 ψάμαθος
1139 2902 1174 2966 δὲ
1198 2909 1219 2986 ἡ
1242 2907 1316 2989 περὶ
1340 2911 1407 2969 δά·

284 3014 421 3097 λασσαν,
455 3041 530 3102 quae
560 3018 729 3083 Aristarchi
762 3041 826 3084 esse
853 3019 1070 3085 demonstravit
1093 3041 1130 3084 ex
1153 3019 1259 3085 Iliadis
1283 3020 1426 3088 scholiis.

283 3131 400 3211 Lchrs.,
424 3131 518 3196 Arist.
543 3155 572 3218 p.
599 3135 663 3196 123
687 3154 770 3218 seqq.

328 3245 458 3330 Reliqua
486 3245 547 3310 iam
577 3246 752 3311 summatim
772 3245 922 3311 indicabo.
947 3233 1086 3313 Fortasse
1108 3248 1275 3314 Aristonici
1299 3250 1404 3314 estad

283 3359 317 3442 β.
343 3362 417 3423 381.
450 3357 541 3442 δῶμα
567 3382 630 3425 non
653 3382 769 3446 semper
793 3364 852 3441 τὴν
876 3358 957 3442 ὃλην
982 3363 1090 3425 οἰκίαν
1116 3362 1177 3426 dici
1200 3363 1252 3428 scd
1276 3370 1307 3427 et
1330 3386 1408 3428 non·

284 3493 440 3557 nunquam
461 3475 496 3537 τό
522 3473 691 3559 ἐνδότερον
717 3474 816 3553 αὐτῆς
840 3475 936 3560 μέρος
963 3479 998 3560 ¹).
1022 3513 1067 3525 -
1090 3477 1141 3542 Ad
1160 3503 1191 3555 γ.
1216 3479 1405 3542 atteritis

289 3667 504 3678 ——--—-

319 3799 337 3860 ¹)
354 3800 424 3850 Hanc
446 3801 629 3852 observationem
653 3801 786 3852 Aristarchi
808 3818 855 3852 ease
878 3817 904 3851 εο
927 3800 1048 3866 probatur,
1071 3801 1132 3864 quod
1154 3817 1181 3850 aa
1201 3817 1255 3852 usus
1272 3803 1307 3852 est
1323 3803 1405 3852 eontra

286 3889 384 3950 criticos,
402 3891 443 3955 qni
461 3890 512 3964 Οό.Ἰ
525 3910 551 3951 α,
570 3892 618 3940 366
635 3894 659 3943 ct
677 3894 725 3943 360
742 3895 833 3944 mutare
850 3893 983 3952 volucrunt,
1002 3895 1028 3942 ut
1044 3894 1109 3957 patet
1122 3907 1149 3941 ex
1165 3891 1308 3942 memorabili
1317 3891 1405 3942 scholio

287 3981 313 4030 cd
335 3999 370 4034 vs.
394 3984 451 4032 656.
476 3981 535 4030 ἀλλ’
560 3987 600 4040 εἷς
623 3977 695 4034 οἶκον
719 3983 809 4048 ἰοῦσα]
837 3984 894 4033 όσοι
916 3985 1140 4052 μεταγράφουσινΙ
1164 3980 1251 4046 Ἰοἰλλὰ
1274 3981 1334 4046 σύγ’
1352 3983 1407 4038 εἰς·

288 4073 423 4125 ελθοῦσα”
447 4077 493 4123 καί
512 4076 580 4138 (660)
605 4077 637 4140 „q‘
658 4074 707 4142 μὲν
726 4075 900 4142 θαμβήσασα
916 4075 999 4125 πάλιν
1017 4073 1179 4133 θάλαμόνδε
1198 4072 1346 4139 βεβηκει,”
1365 4073 1410 4123 ll-

287 4183 378 4228 γοντςς
406 4165 439 4222 ὡς
465 4165 582 4234 ληρῶδες
607 4165 676 4215 otum
700 4168 751 4230 τὴν
774 4166 939 4233 Πηνελόπην
964 4153 1046 4217 οὖσαν
1069 4165 1289 4232 προστάσσεσθαι
1313 4163 1409 4214 σ’ίκαδε

288 4256 432 4320 ἀπελθεῖν,
449 4257 589 4322 ἀγνοοῦσιν
607 4259 639 4316 ὣς
655 4256 776 4326 ’Ὅμηρος
795 4260 843 4308 τὸν
862 4253 934 4308 οἶκον
951 4258 1018 4308 ποτὲ
1036 4257 1083 4319 μὲν
1098 4255 1252 4314 καθολικῶς
1267 4255 1410 4321 λαμβάνει,

287 4349 383 4402 ν’ίλλοτε
401 4353 516 4420 μερικῶς
532 4352 578 4402 ἐπὶ
596 4353 645 4402 τοῦ
664 4351 798 4420 ἀνδρῶνος
816 4355 832 4418 η’
849 4357 898 4418 τῆς
914 4348 1137 4416 γυναικωνίτιδος
1151 4351 1204 4411 etc,
1221 4366 1360 4417 quamquam
1375 4367 1411 4402 vs.

287 4446 335 4495 356
352 4462 404 4496 cum
420 4445 495 4496 tribua
511 4460 575 4509 seqq.
593 4444 623 4495 ab
640 4445 776 4498 Aristarcho
792 4448 913 4498 damnetur
930 4447 973 4508 cst,
990 4446 1030 4496 aed
1046 4443 1115 4496 aliam
1132 4446 1162 4496 ch
1179 4461 1279 4506 causam,
1298 4443 1408 4506 ἄμεινον

288 4537 369 4604 λέγων
393 4539 495 4596 αὐτοὺς
518 4539 593 4606 incar
618 4539 644 4589 ἐν
669 4537 776 4589 Ἰλιάδι
800 4542 846 4588 καί
870 4540 898 4592 ἐν
920 4543 956 4606 τῇ
977 4539 1067 4605 τοξείᾳ
1089 4540 1143 4590 τῶν
1163 4540 1328 4609 μνηστήρων.
1346 4537 1411 4604 Quae

289 4632 385 4698 Didymi
401 4645 449 4684 esse
466 4635 579 4700 auspicor.
