3442 5330
904 673 944 734 18

360 866 405 937 ut,
432 859 614 943 simulatque
636 859 669 923 in
692 858 861 923 Phaeacum
884 857 997 942 regiam
1019 856 1196 941 pervenerit,
1223 879 1286 921 sese
1308 857 1483 943 praesertim

362 974 395 1038 in
417 975 524 1038 metes
547 973 711 1039 amicitiam
733 972 884 1051 insinuem
909 972 990 1055 qnod
1014 972 1040 1035 si
1063 972 1180 1048 feceris,
1204 971 1315 1055 inquit,

363 1077 392 1151 εί
415 1087 471 1151 κέν
497 1112 546 1151 τοι
572 1089 664 1169 κείνη
688 1112 722 1162 με
748 1085 828 1166 φίλα
852 1083 1004 1170 φρονίησ’
1030 1083 1080 1149 ἐνί
1107 1092 1204 1169 θυμῷ

272 1231 278 1242 ·
364 1199 488 1284 ἐλπωρή
514 1225 564 1263 τοι
589 1200 702 1262 ἔπειτα
727 1198 842 1280 φίλους
867 1205 896 1262 τ’
922 1197 1022 1262 ι’δέειν
1047 1199 1102 1260 καί
1128 1197 1259 1260 ἱκέσθαι

364 1309 454 1378 οἶκον
476 1316 507 1388 ἐς
528 1314 695 1397 ὑψόροφον
718 1314 772 1375 καί
794 1315 852 1392 σὴν
874 1313 907 1386 ἐς
927 1310 1071 1395 πατρίδα
1084 1317 1198 1388 γαῖαν,
1215 1313 1259 1394 (η.
1274 1333 1317 1375 vs,
1334 1315 1373 1375 75
1387 1315 1484 1397 seqq.)

362 1429 401 1493 ad
423 1450 499 1512 quae
520 1428 593 1493 haec
615 1426 789 1491 scholiastes
812 1426 914 1491 nescio
938 1426 1020 1509 quis:
1041 1427 1085 1498 ιὸς
1107 1423 1252 1502 γελοίως,
1275 1416 1299 1487 ὦ
1321 1423 1482 1509 βέλτιστε,

363 1542 400 1606 οὐ
432 1544 493 1626 γὰρ
526 1549 570 1624 τῶ
602 1540 721 1622 δικαίῳ
752 1539 837 1602 οίλλὰ
866 1547 934 1613 τοῖς
959 1538 1066 1620 φίλοις
1090 1542 1188 1621 φησίν
1215 1539 1318 1619 αὐτὴν
1343 1541 1483 1623 βοηθεῖν

363 1655 407 1744 (p.
434 1657 507 1720 327.
531 1656 551 1719 l.
578 1657 645 1740 11).
668 1654 813 1718 Eiusdem
837 1654 949 1718 sannae
972 1660 1028 1730 cst,
1054 1659 1089 1715 e.
1117 1655 1168 1716 63.
1194 1653 1232 1716 de
1255 1653 1445 1718 Demodoco:

408 1773 464 1834 τὸν
489 1773 562 1853 περί
586 1773 677 1850 μοῶσ’
703 1769 815 1854 (Schol.
839 1769 948 1832 lemma
969 1767 1067 1852 μοῖρ’)
1090 1764 1234 1849 ἐφίλησε,
1261 1764 1355 1831 δίδου
1379 1766 1409 1830 δ’

1038 1878 1044 1890 ’
1084 1880 1227 1966 (σίγαθόν
1253 1906 1286 1944 τε
1311 1885 1412 1946 κακόν
1436 1906 1484 1958 τε,

406 1995 589 2079 ὀφθαλμῶν
613 2000 673 2076 μὲν
697 1998 827 2078 ἄμερσε,
854 1993 948 2057 δίδου
972 1992 1002 2056 δ’
1027 1992 1142 2076 ἡδεῖαν
1167 1993 1297 2074 αόιδην,

363 2111 401 2175 ad
429 2132 505 2193 quaa
535 2108 726 2173 observatur:
760 2109 893 2185 οὔκουν,
926 2099 951 2168 ὦ
984 2107 1120 2190 Ὅμηρε,
1156 2109 1349 2189 θαυμασίως
1384 2107 1484 2172 αὐτὸν

364 2230 384 2304 ἡ
407 2229 503 2306 μοῖρα
528 2221 693 2305 ἐφίλησεν,
719 2224 748 2285 εἰ
771 2225 836 2285 τῶν
865 2220 1048 2302 ὀφθαλμῶν
1073 2224 1133 2302 μὲν
1159 2220 1342 2305 ε’στέρησεν,
1369 2221 1485 2302 οἰοιδὴν

364 2335 398 2398 δι’
430 2335 506 2399 οἷντί
539 2339 656 2398 codron
689 2335 875 2419 ἐχαρίσατο,
905 2334 1010 2418 ὥσπερ
1036 2333 1119 2415 δῆτα
1144 2338 1199 2398 ναί
1225 2338 1258 2398 σε’
1283 2336 1416 2419 ὕστερον
1442 2337 1483 2422 (p.

365 2454 438 2529 360,
462 2451 482 2514 l.
509 2452 562 2535 27)
589 2473 665 2534 qnae
687 2474 724 2515 cx
747 2449 1081 2536 Constantinopolitano
1100 2450 1238 2514 doctrina
1256 2450 1398 2515 videntur
1418 2473 1487 2537 pro-

362 2566 449 2630 fecta.
480 2565 550 2642 Sed,
584 2565 665 2648 quod
695 2565 791 2650 magis
822 2565 942 2641 mirum,
975 2564 1067 2628 etiam
1096 2563 1129 2627 in
1160 2564 1364 2648 grammaticis
1395 2564 1484 2628 rebus

363 2679 545 2763 aliquotiens
569 2685 700 2743 erratum
724 2685 780 2756 est,
804 2685 840 2742 ut
862 2702 891 2744 v.
917 2701 942 2742 c.
968 2702 1000 2740 α.
1033 2681 1073 2741 59
1098 2667 1180 2762 seqq.

1048 2791 1150 2865 αὐτὰς
1175 2789 1350 2864 Ὀδυσσιδς

519 2905 643 2988 ἱέμενος
668 2907 723 2969 καί
749 2909 877 2969 καπνὸν
902 2905 1166 2989 ἀποθρώσκοντα
1191 2911 1306 2985 νοῆσαι

518 3006 554 3098 ἧς
579 3021 688 3101 μαίης,
715 3017 852 3081 θανέειν
878 3019 1048 3100 ἱμείρεται,

362 3130 416 3214 qni
445 3152 549 3196 versus
581 3130 708 3194 absurde
734 3131 778 3194 ita
807 3129 978 3214 paraphrasi
1009 3130 1194 3194 redduntur:
1227 3132 1245 3191 o‘
1273 3136 1483 3214 πρότερον

362 3246 535 3325 ἐπιθυμῶν
565 3243 777 3322 καπνόν“τῆς
801 3241 958 3325 πατρίδος
984 3240 1079 3321 ι’δεῖν,
1106 3246 1180 3307 νῦν
1207 3245 1335 3328 εὔχεται
1362 3244 1416 3308 διὰ
1441 3248 1481 3308 τὰ

362 3355 546 3441 κατέχοντα
572 3357 669 3442 (κακοί
693 3355 778 3419 addit
797 3377 900 3440 margo
919 3354 1026 3440 Pluyg.
1048 3379 1085 3420 ex
1101 3357 1148 3442 M)
1172 3355 1375 3438 τελευτῆσαι,
1391 3381 1486 3442 quum

362 3470 510 3535 sententia
532 3476 633 3556 aperte
656 3492 690 3532 ca
714 3469 764 3546 sit,
788 3451 824 3532 rit
846 3469 928 3533 dicat
950 3470 1080 3547 Athena,
1106 3469 1246 3554 Ulyssem
1265 3478 1351 3536 tanto
1371 3471 1486 3557 patriae

361 3606 461 3648 amore
491 3584 625 3667 flagrare,
657 3588 693 3645 ut
723 3582 749 3645 si
781 3603 845 3646 eam
872 3582 1029 3647 viderit
1052 3583 1151 3661 modo,
1171 3584 1247 3647 mori
1271 3607 1333 3649 non
1357 3590 1484 3660 recuset,

361 3697 613 3781 quemadmodum
632 3697 665 3760 in
685 3697 810 3762 eandem
827 3697 1006 3762 sententiam
1025 3699 1089 3784 ipso
1106 3697 1230 3782 Ulysscs
1243 3699 1322 3783 apud
1335 3698 1484 3762 Phaeaces

361 3811 453 3874 dicit:
480 3812 524 3893 (η.
552 3813 616 3873 224
639 3811 735 3896 seqq.)

809 3923 925 3989 ι’δόντα
947 3949 984 4006 με
1011 3926 1065 3988 καί
1091 3923 1179 3988 λίποι
1205 3927 1288 3990 αι’ῶν

438 4045 551 4119 κτῆσιν
577 4035 655 4120 ἐμὴν
681 4035 788 4120 δμῶάς
814 4063 846 4102 τε
873 4039 927 4100 καί
951 4037 1110 4121 ὑψερεφὲς
1134 4038 1218 4119 μέγα
1244 4037 1349 4120 δῶμα.
1379 4037 1405 4126 ¹)
1474 4113 1480 4124 η

395 4350 415 4412 ¹)
431 4349 509 4416 Magr's
523 4349 608 4400 mirum
626 4352 669 4410 est,
688 4349 756 4400 fuisse
773 4349 843 4399 ctiam
860 4349 920 4398 iuter
937 4350 1075 4401 recentiores
1092 4349 1193 4400 Homeri
1211 4349 1356 4414 interpretes,
1373 4349 1412 4412 qni
1427 4349 1484 4398 haec

360 4442 393 4490 ita
411 4441 447 4492 val
470 4441 540 4491 simili
564 4441 631 4491 modo
652 4441 868 4505 interpretarentur,
892 4457 915 4490 v.
939 4457 960 4490 c.
985 4441 1141 4500 Fasciculus
1163 4442 1218 4490 hacc
1237 4441 1355 4490 adnotatio
1375 4442 1421 4490 esta
1444 4457 1485 4502 ¹,er

362 4533 465 4583 wiinscht
483 4533 533 4583 sich
556 4548 596 4583 ana
620 4532 789 4596 Verzweiflung
811 4532 854 4580 den
877 4531 926 4580 'l'od
949 4532 995 4582 und
1013 4533 1091 4582 wiirde
1108 4533 1158 4582 siah
1177 4531 1295 4596 gliicklich
1313 4530 1402 4590 frihleu,
1420 4546 1489 4580 werra

358 4640 383 4674 cr
399 4624 458 4674 auch
475 4641 520 4674 nor
536 4624 579 4674 dan
598 4625 679 4674 Rauch
697 4639 742 4674 von
760 4623 835 4674 sciner
852 4623 949 4672 Heimat
965 4624 1092 4690 aulsteigen
1109 4622 1189 4674 attha?
