3454 5330
760 677 800 743 65

215 870 339 933 τοῦτο
364 871 576 953 φρόνησιν
601 859 717 932 εἶναι
743 865 895 948 φασίν,
923 863 984 956 (H)
1016 865 1101 933 cuius
1131 889 1199 933 cunr
1229 859 1341 934 nostris

218 981 270 1070 (ex
299 981 378 1074 ΕΜ)
410 982 576 1048 similitudo
606 981 650 1046 ita
681 1003 729 1045 me
751 979 891 1058 advertit,
915 982 1062 1070 ntnambo
1085 1004 1180 1048 unum
1202 982 1342 1066 idemque

215 1095 349 1160 scholion
379 1096 521 1176 habeam3
545 1096 685 1160 —haec
716 1094 813 1180 igitur
834 1095 899 1159 loca
924 1095 1127 1161 consideranti
1149 1095 1224 1161 mihi
1248 1095 1341 1161 Butt-

214 1210 317 1274 manni
329 1211 478 1276 sententia
490 1209 591 1297 potior
602 1209 732 1276 videtur.
748 1208 954 1280 Quamobrem
967 1209 1103 1297 suspicor
1113 1209 1267 1276 locumita
1277 1233 1342 1277 esse

215 1323 423 1390 scribendum:
458 1325 512 1388 καί
538 1325 606 1398 πῶς
630 1321 803 1397 Ὀόνσσειίς
828 1325 846 1386 ό
869 1322 1076 1406 πεπνυμένος
1100 1323 1190 1407 „lum
1215 1322 1341 1409 ψειίόεα

216 1435 321 1501 πολλὰ
345 1438 437 1517 κτὲ,·”
462 1436 547 1501 ἀλλὰ
573 1436 623 1527 (τό
644 1440 729 1502 κατὰ
751 1442 866 1522 καιρόν
889 1439 1129 1518 κατεπείγοντα
1141 1436 1338 1524 ψεύδεσθαι,

217 1554 311 1616 τοῦτο
336 1556 493 1637 φρόνησιν
519 1546 604 1619 εἶναι
635 1554 763 1640 φασίν,)
788 1552 873 1618 α’λλοὶ
898 1554 977 1638 πρὸς
1000 1558 1036 1618 τό
1059 1554 1162 1638 μηδὲν
1187 1561 1341 1620 κατεπεῖ-

216 1689 273 1741 γον
305 1665 500 1750 perstarem,
534 1669 629 1732 τοῦτο
664 1665 782 1750 κομιδῆ
806 1668 928 1752 νηπίου
952 1667 1084 1753 α’νόρός.
1110 1669 1209 1735 Causa
1233 1671 1341 1735 erroris

215 1778 283 1858 fuit,
306 1781 387 1866 quod
408 1781 550 1846 librarius
573 1805 591 1846 a
615 1781 714 1869 primo
739 1779 824 1846 ἀλλὰ
849 1782 888 1847 ad
909 1783 1059 1870 posterius
1083 1783 1243 1862 aberraret,
1267 1807 1343 1870 quae

215 1915 347 1958 errorum
377 1917 466 1960 causa
495 1895 742 1982 frequentissima
772 1902 827 1961 est.
859 1895 934 1961 Post
966 1897 1174 1981 quaestionem
1204 1921 1257 1985 per
1287 1901 1341 1963 καί

216 2010 282 2080 πῶς
312 2009 477 2088 inductam,
510 2009 632 2075 solenne
663 2017 709 2074 est
740 2031 919 2097 responsum
958 1987 1053 2078 verbo
1081 2010 1166 2075 ἀλλὰ
1201 2013 1342 2100 incipere,

216 2122 468 2205 quemadmodum
492 2125 603 2190 statim·
618 2130 687 2212 post
710 2125 747 2190 ad
770 2148 814 2191 vs.
832 2109 894 2190 v23.
919 2127 974 2190 καί
1000 2128 1068 2201 πῶς
1093 2127 1128 2192 ἐν
1155 2132 1223 2203 τοῖς
1246 2132 1343 2190 ’Itu-

217 2235 338 2318 κησίοις
370 2237 469 2312 οὕτως
503 2239 780 2324 recoquendam,-
815 2239 1056 2329 (Telemachus):
1098 2238 1185 2304 ἀλλ’
1219 2242 1342 2315 ἐκεῖνος

216 2351 275 2430 μὲν
299 2341 356 2415 σόν
375 2331 596 2438 1ἀναστραφεὶς
633 2354 717 2441 (sunt
746 2353 819 2420 haec
850 2375 939 2421 sensu
962 2376 1053 2420 cassa.
1078 2353 1257 2441 Legendum
1278 2363 1340 2420 est:

220 2460 408 2540 ἐκείνοις
438 2467 498 2548 μὲν
532 2469 829 2553 σοναναστραφείς,
863 2468 884 2533 i.
916 2490 942 2533 e.
975 2489 1045 2533 cum
1072 2467 1110 2534 iis
1136 2467 1343 2552 quotidianam

221 2579 466 2646 consuetudinem
495 2581 632 2669 habens.)
659 2580 708 2645 ἔτι
733 2579 767 2646 dl
798 2585 852 2646 καί
877 2585 956 2666 πρὸς
980 2581 1081 2666 ὀργὴν
1107 2581 1228 2656 ἱκανῶς
1252 2606 1342 2665 κινη-

222 2693 290 2766 θείς
320 2693 587 2781 παρρησιάζεται,
621 2695 777 2783 Νέστορα
810 2694 844 2761 δὲ
874 2694 1001 2761 συνέσει
1026 2681 1197 2781 πανταχοῦ
1222 2718 1342 2780 κηρνσ-

222 2809 352 2887 σόμενον
377 2806 505 2873 α’κοιίων
530 2811 660 2884 εἰκότως
683 2809 784 2875 αὐτόν
810 2804 1011 2895 εὐλαβεῖται.
1037 2810 1071 2874 si
1094 2808 1247 2894 quisunt,
1268 2831 1343 2894 quos

221 2919 253 2983 in
274 2927 376 2986 nostro
399 2922 465 2987 lccc
488 2923 620 2990 offendat
644 2922 729 2987 α’λλὰ
752 2923 800 2988 bis
819 2929 887 3009 post
910 2923 999 2989 breve
1019 2923 1150 3010 spatium
1169 2923 1341 3010 repetitum,

220 3035 372 3102 conserant
401 3059 430 3123 p,
456 3040 518 3102 219
551 3038 571 3102 l.
606 3041 647 3102 23
682 3039 731 3126 (ad
764 3035 794 3102 d.
822 3037 910 3121 635):
945 3039 973 3101 εί
996 3037 1031 3102 δὲ
1055 3040 1110 3102 καί
1135 3040 1215 3124 βοῦν
1240 3030 1342 3122 εἶπεν,

220 3145 307 3212 ἀλλ’
338 3149 374 3213 οὐ
399 3153 478 3236 πρὸς
508 3149 604 3236 ὕβριν
639 3151 738 3216 αὐτοῦ
771 3143 874 3230 εἶπεν,
909 3149 1014 3214 α’λλοί
1045 3150 1172 3234 μᾶλλον
1198 3157 1257 3234 τὴν
1282 3151 1343 3217 οἷν-

221 3259 332 3345 δρείαν
357 3263 457 3327 αὐτοῦ
482 3262 632 3344 ἐδήλωσε.

261 3376 301 3438 In
322 3376 400 3441 libro
423 3377 513 3443 tertio
536 3379 651 3443 Nestor
674 3377 788 3443 multus
820 3385 867 3444 est
891 3379 925 3443 in
948 3379 1103 3446 narrandis
1124 3379 1163 3444 iis
1186 3402 1262 3465 quae
1285 3379 1342 3444 sibi

219 3496 251 3552 et
272 3489 359 3554 sociis
382 3497 451 3575 post
473 3490 594 3584 Troiam
617 3513 750 3557 eversam
775 3491 960 3571 acciderunt,
985 3492 1067 3577 quod
1089 3491 1170 3557 idem
1188 3496 1220 3557 et
1241 3498 1344 3579 postea

220 3603 292 3668 facit
313 3601 481 3668 Menelaus.
506 3602 648 3670 Pluribus
672 3604 746 3670 locis
769 3604 930 3671 observant
954 3605 1139 3685 scholiastae,
1160 3627 1250 3691 quam
1270 3603 1344 3668 scite

220 3723 307 3804 putta
329 3739 373 3796 ea,
397 3739 472 3802 quae
495 3717 528 3782 in
551 3718 657 3785 Iliadis
680 3726 860 3806 argumento
880 3720 981 3785 locum
1000 3720 1143 3785 idoneum
1161 3718 1272 3783 habere
1282 3739 1345 3780 non

221 3838 367 3916 poterant,
391 3832 441 3896 hic
464 3832 629 3897 narrationi
651 3833 820 3899 inseruerit.
846 3833 920 3898 Tale
942 3832 1016 3921 quid
1034 3834 1155 3919 legitur,
1176 3832 1225 3897 vel
1243 3831 1344 3919 potius

219 3945 381 4030 legendum
410 3954 465 4026 est,
496 3948 529 4012 in
560 3948 672 4014 scholio
701 3950 739 4014 ad
769 3975 801 4028 γ.
837 3954 901 4014 128
933 3949 966 4014 in
997 3949 1067 4014 ΜΗ
1097 3949 1158 4033 όρα
1181 3945 1216 4009 δὲ
1242 3942 1344 4010 πάλιν

222 4059 397 4146 ἐπικαίρως
421 4063 462 4124 τὰ
486 4059 643 4126 λείποντα
664 4070 705 4146 τῇ
726 4061 895 4127 ὑποθέσει.
919 4066 1068 4150 Apertum
1086 4068 1141 4139 est,
1162 4081 1345 4145 quamquam

221 4172 342 4252 mirum,
372 4174 406 4238 in
431 4181 560 4260 utroque
590 4175 705 4261 optimc
735 4177 837 4243 codice
866 4178 978 4255 deesse,
1007 4177 1088 4242 unde
1120 4176 1160 4238 τὰ
1185 4170 1344 4238 λείποντα

223 4288 360 4374 pendeat,
390 4311 460 4353 nam
483 4288 516 4352 id
542 4311 603 4355 non
635 4291 672 4355 ab
695 4291 872 4378 imperativo
891 4293 951 4378 όρα
982 4291 1121 4378 pendere,
1144 4294 1236 4375 patet.
1261 4285 1346 4357 Quid

223 4403 262 4466 sit
292 4402 484 4468 inserendum
516 4402 548 4467 hi
571 4402 631 4468 loci
654 4405 919 4472 demonstrabunt:
952 4429 980 4492 p.
1006 4409 1081 4471 128.
1112 4404 1133 4469 l.
1160 4406 1211 4466 20.
1237 4400 1288 4488 (ad
1312 4427 1343 4480 γ.

224 4517 310 4603 103.)
343 4517 540 4602 γεροντικῶς
571 4517 752 4603 όΝέστοιρ
785 4519 991 4606 μακροτέραν
1017 4523 1159 4585 ποιεῖται
1180 4520 1240 4598 τὴν
1265 4513 1347 4580 α’πό-

224 4653 343 4714 κρισιν·
376 4629 483 4704 ἄλλως
516 4656 549 4696 τε
583 4633 686 4719 (atque
718 4633 851 4722 insuper)
885 4640 903 4700 ό
930 4637 1111 4719 ποιητὴς
1142 4629 1347 4716 εὐκαίρως

1202 4761 1215 4800 c
