3442 5330
581 1559 1032 1633 OBSERVATIONES
1156 1571 1159 1579 '

786 1868 824 1904 ΔΙ)

320 2122 581 2209 SOHOLIA
606 2125 670 2207 IN
695 2121 933 2208 HOMERI
959 2123 1291 2212 ODYSSEAM.

630 2763 690 2812 Sunt
706 2761 775 2820 bena,
793 2762 848 2812 runt
863 2760 974 2825 quaedem
990 2761 1123 2821 mediocria,
1140 2763 1195 2811 sunt
1210 2761 1272 2814 mua
1290 2761 1365 2827 plura.

916 2851 1041 2911 Martialis,
1058 2851 1141 2917 Epigr.
1158 2851 1199 2904 lib.
1217 2853 1241 2902 1.
1258 2852 1299 2901 lt.

286 3059 304 3142 p
335 3060 364 3121 1.
396 3056 641 3138 „Incredibiliter
663 3056 839 3142 depravatos
862 3056 1046 3121 circumferri
1069 3079 1119 3121 eos
1142 3053 1352 3136 libros,'unde

239 3169 451 3252 grammaticae
480 3169 514 3233 in
535 3169 661 3234 historia
687 3169 877 3236 versantibus
900 3170 1030 3234 maxima
1049 3191 1117 3256 pars
1142 3171 1284 3236 materiae
1309 3193 1361 3235 su·

243 3282 350 3346 menda
378 3282 456 3359 est,”
488 3283 570 3366 quod
600 3283 809 3369 pronuntiavit
838 3283 886 3349 vir
915 3283 1070 3376 maximae·
1085 3285 1285 3362 auctoritatis,
1310 3285 1363 3370 qui
1468 3287 1474 3304 '

243 3397 276 3461 in
306 3396 362 3461 hcc
392 3404 473 3461 certe
502 3397 674 3462 studiorum
702 3420 811 3484 genere
841 3399 1006 3486 principem
1027 3399 1128 3463 lucum
1151 3391 1279 3476 obtinet,
1304 3397 1361 3463 Oa-

244 3511 325 3576 rolus
347 3511 493 3577 Lehrsius
518 3510 556 3600 ¹),
579 3512 666 3577 facile
689 3512 842 3589 concedet,
867 3513 1040 3596 quicunque
1064 3512 1113 3578 vel
1135 3513 1275 3598 exiguam
1298 3491 1365 3598 par-

243 3625 367 3691 ticulam
394 3647 507 3704 eorum,
533 3648 609 3710 quae
632 3648 670 3691 ex
692 3624 826 3708 antiquis
849 3624 1052 3710 grammaticis
1074 3626 1275 3709 undecunque
1297 3646 1363 3688 cor-

245 3761 311 3804 rasa
333 3744 504 3826 supersunt,
528 3746 642 3805 attente
665 3745 696 3804 et
715 3738 879 3823 diligenter
898 3738 1066 3823 perlegerit.
1088 3738 1178 3803 Nihil
1199 3745 1300 3804 autem
1321 3745 1368 3802 est

246 3852 279 3917 in
308 3859 374 3917 toto
404 3853 463 3917 hcc
484 3874 593 3937 genere
616 3851 796 3939 corruptius,
820 3873 911 3934 quam
933 3857 1073 3936 excerpta
1096 3850 1148 3914 illa
1171 3852 1366 3938 praestantis-

201 3981 204 3987 '
247 3964 323 4030 sima
344 3990 381 4031 er
404 3967 556 4031 variorum
578 3965 842 4050 grammaticorum
861 3969 996 4028 veterum
1019 3964 1057 4027 ad
1076 3963 1204 4028 Hiadem
1224 3972 1255 4028 et
1268 3965 1367 4048 Odys-

247 4101 327 4146 seam
346 4078 607 4145 observationibus
630 4079 663 4143 iu
686 4101 780 4143 unum
800 4099 907 4164 corpus
927 4076 1073 4152 conflatis,
1086 4099 1162 4160 quae
1174 4077 1363 4141 scholiorum

247 4194 369 4259 nomine
399 4200 527 4259 aetatem
557 4192 703 4258 tulerunt.
735 4190 830 4256 Cuius
860 4191 903 4256 rei
937 4189 1050 4255 multae
1073 4189 1164 4256 simul
1185 4190 1367 4256 exstiterunt

284 4508 362 4569 ¹)qu
386 4505 591 4559 emendationibus
614 4507 759 4558 Schcticrum
784 4507 972 4564 Homericorum,
999 4521 1021 4554 a·
1048 4503 1112 4553 1846
1139 4502 1213 4554 editis.
1241 4503 1303 4566 App.
1328 4501 1368 4552 ad:

250 4599 379 4652 Herodiuui
396 4600 483 4668 scripta
500 4599 547 4650 triu
562 4598 719 4651 emendatiora
736 4597 808 4650 edidit
824 4599 855 4648 K.
874 4598 956 4650 Ictus.
976 4596 1049 4650 184⁸.
1067 4609 1121 4661 pag.
1140 4595 1197 4644 454.

1228 4689 1239 4732 1
