3442 5330
810 628 853 688 43

274 811 311 876 ad
332 809 362 886 ξ.
389 814 463 890 327,
486 811 520 876 in
543 832 604 896 quo
626 810 712 894 origo
734 809 848 875 oraculi
872 810 1031 876 Dodonaei
1054 812 1229 898 explicatur,
1253 814 1394 898 quodque

273 925 316 988 ita
345 925 458 1010 legitur
480 925 513 989 in
536 923 607 996 QV.
633 928 754 1006 ποιμὴν
781 923 886 1006 νέμων
911 928 1062 1011 πρόβατα
1087 929 1121 991 ἐν
1148 933 1216 1001 τοῖς
1239 935 1296 1008 τῆς
1320 931 1393 991 Δω-

273 1037 378 1122 δώνης
401 1036 487 1102 ’ἐλεσι
512 1041 568 1102 τοῦ
593 1035 696 1111 πέλας
720 1037 791 1126 (am
817 1062 894 1102 του
916 1036 1057 1128 πέλαςΡ)
1082 1038 1230 1122 ὑφείλετο
1250 1041 1393 1124 ποίμνην

260 1150 464 1235 καλλίστην,
499 1154 553 1214 καὶ
590 1149 697 1236 εῖρξας
731 1153 776 1225 εἷς
800 1155 859 1231 τὴν
886 1151 1046 1237 σφετέραν
1071 1152 1174 1233 αὐλὴν
1200 1153 1392 1236 ἐφύλασσεν.

271 1268 351 1332 ὅθεν
385 1266 442 1331 τόν
474 1263 634 1348 δεσπότην
669 1267 747 1345 φασὶ
782 1263 891 1347 ζητεῖν
917 1268 1005 1350 παρὰ
1028 1272 1098 1340 τοῖς
1121 1266 1251 1350 ποιμέσι
1276 1271 1316 1331 τὰ
1342 1293 1395 1332 κε-

271 1377 434 1462 κλεμμένα
463 1373 628 1464 πρόβατα,
659 1383 702 1461 μὴ
737 1379 875 1462 εὑρόντα
906 1378 940 1442 δέ
974 1381 1096 1465 ἐρωτᾶν
1130 1383 1186 1446 τὸν
1218 1384 1312 1461 θεὸν,
1344 1371 1420 1456 τός’

271 1495 360 1558 ἐστιν
383 1491 560 1577 ὁκλέψας.
586 1496 658 1558 τότε
683 1497 827 1576 πρῶτον,
853 1496 946 1576 φασὶ,
972 1499 1032 1574 τὴν
1059 1494 1137 1579 δρῦν
1163 1499 1275 1579 φωνὴν
1298 1497 1394 1580 α’φεῖ-

271 1632 338 1691 ναι,
360 1609 411 1672 ότι
436 1608 502 1672 τῶν
526 1605 804 1672 ἀκολουθούντων
828 1611 847 1670 o'
870 1611 1045 1681 νεώτατος.
1073 1607 1272 1680 ἐξετάσαντα
1297 1609 1331 1673 δέ
1358 1613 1393 1673 τό

271 1720 383 1798 λόγιον
407 1720 511 1804 εὑρεῖν
538 1723 627 1804 παρὰ
651 1725 696 1804 τῷ
720 1717 852 1802 ποιμένι
875 1725 988 1785 νεωστὶ
1010 1713 1207 1805 βοσκησαντι
1229 1729 1274 1804 τῷ
1290 1723 1394 1807 χωρίῳ

272 1838 341 1918 (anz
373 1836 414 1898 ἐν
448 1858 478 1897 τ.
505 1833 576 1918 γλ)
607 1870 651 1880 -
670 1871 713 1880 -
749 1835 864 1899 τοῦτον
891 1831 1021 1911 λέγεται
1046 1835 1330 1918 προσοργισθέντοι
1354 1845 1395 1920 τῇ

270 1947 347 2030 δρυὶ·
374 1946 514 2029 θελῆσαι
545 1948 648 2028 αὐτὴν
681 1945 822 2030 ἐκκόψαι
856 1952 993 2031 νύκτωρ.
1028 1946 1185 2012 πελειάδα
1218 1947 1252 2024 δέ
1279 1951 1313 2012 ἐκ
1338 1954 1394 2012 τοῦ

268 2059 440 2146 στελέχους
463 2059 686 2144 α’νακύψασαν
713 2058 865 2134 ἐπιτάξαι
888 2065 931 2142 μὴ
957 2063 1052 2125 τοῦτο
1078 2060 1171 2144 δρᾶν.
1198 2065 1255 2126 τόν
1277 2061 1311 2126 δέ
1326 2062 1394 2126 δει-

267 2171 470 2256 ματοοθέντα
491 2172 607 2257 μηκέτι
640 2176 735 2237 τοῦτο
767 2171 938 2256 τολμῆσαι,
979 2176 1035 2259 [μὴ
1072 2181 1184 2252 θιγεῖν
1218 2179 1275 2240 τοῦ
1309 2178 1393 2260 ἱεροῦ

270 2292 390 2352 τούτου
414 2283 583 2371 δένδρου].
607 2286 736 2373 Scripsit
757 2286 790 2351 in
813 2287 861 2352 his
884 2287 1061 2352 Dindorfins
1080 2294 1191 2366 θιγεῖν
1203 2312 1259 2376 pro
1271 2289 1394 2373 θίγειν,

271 2423 339 2465 mea
362 2399 486 2486 quidem
508 2399 656 2466 sententia
674 2398 823 2485 glossema
841 2400 1003 2466 emendans
1023 2402 1312 2468 manifestissimum.
1326 2403 1395 2467 Sta-

272 2514 381 2580 bilitnr
397 2513 471 2578 haec
491 2513 622 2600 suspicio
640 2513 715 2600 ipsa,
736 2533 826 2598 quam
844 2514 993 2600 apposuit,
1005 2513 1186 2580 Buttmanni
1199 2516 1394 2581 adnotatione

268 2628 341 2693 hac:
366 2627 439 2710 „Sic
463 2627 493 2698 Q
514 2633 547 2693 et
569 2625 599 2688 V
622 2627 669 2691 ed.
693 2631 754 2692 ant.
777 2627 817 2691 In
840 2627 1058 2692 recentioribus
1082 2634 1183 2694 autem
1205 2627 1297 2693 verba
1319 2629 1392 2694 haec

268 2742 322 2820 ita,
346 2739 518 2820 λέγουσαν,
542 2745 583 2822 μὴ
609 2740 719 2818 θίγειν
744 2743 800 2804 τοῦ
826 2742 909 2823 ἱεροῦ
935 2743 1052 2804 τούτου
1074 2739 1226 2826 δένδρου,
1249 2742 1393 2828 rejiciun-

267 2859 319 2921 tur
340 2855 491 2943 postilla,
519 2859 561 2937 μὴ
587 2857 681 2918 τοῦτο
707 2851 801 2938 δρᾶν,
829 2855 902 2920 satis
925 2853 1152 2941 probabiliter.''
1176 2855 1285 2934 Immo,
1310 2857 1392 2940 quod

268 2970 343 3034 haec
363 2969 463 3048 rerba,
488 2974 638 3034 caeterum
661 2968 699 3032 ad
723 2969 904 3035 sententiam
927 2975 1007 3034 recte
1030 2969 1259 3054 intelligendam
1271 2994 1391 3059 prorsus

270 3104 495 3170 supervacanea,
528 3083 572 3147 sic
602 3081 718 3147 incerte
748 3083 818 3147 sede
847 3089 1006 3168 vagantur,
1031 3083 1088 3148 hoc
1111 3083 1211 3170 ipsum
1235 3084 1296 3150 iam
1318 3086 1391 3150 setis

269 3197 373 3261 estad
396 3195 658 3282 interpolationem
682 3197 865 3282 arguendam
889 3201 920 3262 et
941 3197 1156 3284 expellendam.
1182 3197 1254 3262 Huc
1276 3199 1391 3263 aceedit

268 3310 359 3394 quod,
390 3315 426 3374 ut
454 3308 547 3375 'rerba
577 3332 659 3374 nnnc
690 3309 833 3374 collocata
855 3317 936 3388 sunt,
961 3309 1155 3386 constructio,
1180 3317 1216 3374 ut
1238 3311 1390 3387 lenissime

268 3423 373 3501 dicam,
405 3421 549 3509 impedita
579 3426 626 3487 est
652 3429 684 3486 et
706 3422 841 3500 obscura,
867 3421 998 3513 (τοῦτον
1022 3421 1237 3504 -μηκέτι
1262 3429 1388 3487 τοῦτο

266 3534 435 3618 τολμῆσαι,
459 3539 508 3618 μὴ
533 3541 684 3612 θιγεῖν
710 3539 765 3600 τοῦ
791 3537 813 3599 ἱ.
839 3561 868 3601 τ.
893 3533 1063 3622 όένδρου);
1087 3542 1127 3612 et,
1152 3535 1178 3598 si
1198 3537 1389 3622 coniungim-

267 3653 317 3716 tur
344 3649 397 3733 ita,
430 3656 467 3713 nt
496 3649 684 3722 Buttmanno
716 3649 810 3731 „satis
842 3647 1057 3735 probabiliter''
1081 3649 1180 3713 visum
1203 3657 1259 3728 est,
1282 3671 1390 3736 nempe

267 3762 325 3829 sic:
357 3760 513 3826 πελειάδα
546 3798 590 3808 -
624 3760 776 3837 ἐπιτάξαι
807 3766 849 3844 μὴ
882 3764 976 3826 τοῦτο
1010 3761 1104 3847 δρόιν,
1130 3766 1172 3843 μὴ
1197 3769 1310 3841 θιγεῖν
1332 3767 1387 3826 τοῦ

268 3877 289 3936 t.
315 3899 345 3938 τ.
371 3873 523 3960 δένδρου,
556 3876 746 3941 manifestius
776 3876 867 3942 etiam
897 3876 941 3954 fis,
974 3897 1096 3963 prorsus
1119 3875 1222 3940 eadem
1246 3875 1293 3940 bis
1316 3876 1387 3952 dici,

267 3989 329 4054 sive
350 3989 500 4073 glossema
522 3989 580 4054 hoo
601 3989 762 4054 dicendum
786 3995 841 4068 est,
865 3989 929 4055 siro
952 3988 1164 4076 dittographia.

308 4101 360 4166 Sic
382 4102 473 4166 etiam
496 4101 607 4167 dubins
629 4103 744 4176 haereo,
769 4104 807 4169 ad
829 4109 933 4168 utrum
952 4102 1193 4190 interpolationis
1212 4123 1308 4187 genus
1320 4124 1386 4187 per-

264 4215 368 4293 tineat,
400 4216 482 4301 quod
510 4215 623 4300 legitur
653 4241 683 4300 ρ.
719 4220 781 4282 317
813 4218 847 4281 in
877 4215 1075 4302 explicatione
1107 4237 1171 4280 voc.
1197 4212 1383 4292 κνώδαλον,

266 4329 344 4412 quod
367 4328 411 4393 ita
432 4328 593 4414 exponitur
615 4353 652 4394 cx
675 4329 824 4396 constanti
851 4329 903 4394 sed
926 4329 1001 4393 falsa
1021 4329 1285 4412 grammaticorum
1304 4335 1385 4393 vete-

266 4461 331 4504 rum
355 4441 512 4528 opinione:
543 4442 658 4524 κυρίιος
681 4444 741 4524 μέν
762 4443 798 4505 τό
825 4439 1008 4506 θαλάσσιον
1033 4441 1151 4524 θηρίον
1182 4442 1232 4526 [τό
1259 4444 1383 4528 κῆτος],

266 4555 322 4618 νῦν
348 4551 381 4616 δὲ
407 4544 525 4638 θηρίον
548 4554 611 4618 ὑπὸ
635 4556 745 4620 κυνῶν
771 4553 1000 4636 ἁλισκόμενον.
1027 4554 1227 4632 Alterutrum,
1262 4562 1316 4620 aut
1346 4557 1393 4634 τόῚ
